
@Book{		  abraham:1978,
  author	= {Abraham, R. and Marsden, J.E.},
  title		= {Foundations of Mechanics},
  year		= {1978},
  publisher	= {Benjamin/Cummings},
  address	= {London-Amsterdam}
}

@Article{	  abramovich:1983,
  author	= {Abramovich, Y.A.},
  title		= {Multiplicative representation of disjointness preserving
		  operators},
  journal	= {Indagationes Mathematicae},
  volume	= {45},
  year		= {1983},
  pages		= {265-279}
}

@Article{	  akemannetal:1972,
  author	= {Akemann, C.A. and Dodds, P.G. and Gamlen, J.L.B.},
  title		= {Weak compactness in the dual space of a {W*}-algebra},
  journal	= {Journal of Functional Analysis},
  volume	= {16},
  year		= {1972},
  pages		= {446-450}
}

@Article{	  albeverio:1978,
  author	= {Albeverio, S. and Hoegh-Krohn, R.},
  title		= {Frobenius theory for positive maps on von {N}eumann
		  algebras},
  journal	= {Communications in Mathematical Physics},
  volume	= {64},
  year		= {1978},
  pages		= {83-94}
}

@Article{	  amann:1976,
  author	= {Amann, H.},
  title		= {Fixed point equations and nonlinear eigenvalue problems in
		  ordered {B}anach spaces},
  journal	= {SIAM Review},
  volume	= {18},
  year		= {1976},
  pages		= {620-709}
}

@Article{	  amann:1983,
  author	= {Amann, H.},
  title		= {Dual semigroups and second order linear elliptic boundary
		  value problems},
  journal	= {Israel Journal of Mathematics},
  volume	= {45},
  year		= {1983},
  pages		= {225-254}
}

@Article{	  ando:1961,
  author	= {Ando, T.},
  title		= {Convergent sequences of finitely additive measures},
  journal	= {Pacific Journal of Mathematics},
  volume	= {11},
  year		= {1961},
  pages		= {395-404}
}

@Article{	  arendt:1982,
  author	= {Arendt, W.},
  title		= {Kato's equality and spectral decomposition for positive
		  {$C_0$}-groups},
  journal	= {Manuscripta Mathematica},
  volume	= {40},
  year		= {1982},
  pages		= {277-298}
}

@Article{	  arendt:1983,
  author	= {Arendt, W.},
  title		= {Spectral properties of {L}amperti operators},
  journal	= {Indiana University Mathematics Journal},
  volume	= {32},
  year		= {1983},
  pages		= {199-215}
}

@InCollection{	  arendt:1984a,
  author	= {Arendt, W.},
  title		= {Generators of positive semigroups},
  booktitle	= {Infinite-dimensional Systems, Retahof 1983},
  editor	= {Kappel, F. and Schappacher, W.},
  series	= {Lecture Notes in Mathematics},
  volume	= {1076},
  pages		= {1-15},
  publisher	= {Springer},
  address	= {Berlin-Heidelberg-New York},
  year		= {1984}
}

@Article{	  arendt:1984b,
  author	= {Arendt, W.},
  title		= {Kato's inequality: {A} characterization of generators of
		  positive semigroups},
  journal	= {Proceedings of the Royal Irish Academy. Section A},
  volume	= {84},
  year		= {1984},
  pages		= {155-174}
}

@TechReport{	  arendt:1984c,
  author	= {Arendt, W.},
  title		= {Resolvent positive operators and integrated semigroups},
  institution	= {Universität Tübingen},
  type		= {Semesterbericht Funktionalanalysis},
  year		= {1984},
  pages		= {73-101}
}

@TechReport{	  arendt:1985,
  author	= {Arendt, W.},
  title		= {Resolvent positive operators},
  institution	= {Universität Tübingen},
  type		= {Preprint},
  year		= {1985}
}

@Article{	  arendtetal:1982,
  author	= {Arendt, W. and Chernoff, P. and Kato, T.},
  title		= {A generalization of dissipativity and positive
		  semigroups},
  journal	= {Journal of Operator Theory},
  volume	= {8},
  year		= {1982},
  pages		= {167-180}
}

@Article{	  arendtgreiner:1984,
  author	= {Arendt, W. and Greiner, G.},
  title		= {The spectral mapping theorem for one-parameter groups of
		  positive operators on {C(X)}},
  journal	= {Semigroup Forum},
  volume	= {30},
  year		= {1984},
  pages		= {297-330}
}

@TechReport{	  arinokimmel:1985,
  author	= {Arino, O. and Kimmel, M.},
  title		= {Asymptotic analysis of a cell-cycle model based on unequal
		  division},
  type		= {Preprint},
  year		= {1985}
}

@Book{		  asimow:1980,
  author	= {Asimow, L. and Ellis, A.J.},
  title		= {Convexity Theory and its Applications in Functional
		  Analysis},
  publisher	= {Academic Press},
  address	= {London-New York-San Francisco},
  year		= {1980}
}

@PhDThesis{	  axmann:1980,
  author	= {Axmann, D.},
  title		= {Struktur- und Ergodentheorie irreduzibler Operatoren auf
		  {B}anachverbänden},
  school	= {Universität Tübingen},
  year		= {1980}
}

@TechReport{	  baraspierre:1985,
  author	= {Baras, P. and Pierre, M.},
  title		= {Critère d'existence de solutions positives pour des
		  équations semi-linéaires non monotones},
  type		= {Preprint},
  institution	= {Nancy},
  year		= {1985}
}

@Article{	  bart:1977,
  author	= {Bart, H.},
  title		= {Periodic strongly continuous semigroups},
  journal	= {Annali di Matematica Pura ed Applicata},
  volume	= {115},
  year		= {1977},
  pages		= {311-318}
}

@Article{	  batty:1978,
  author	= {Batty, C.J.K.},
  title		= {Dissipative mappings and well-behaved derivations},
  journal	= {Journal of the London Mathematical Society},
  volume	= {18},
  year		= {1978},
  pages		= {527-533}
}

@Article{	  batty:1981,
  author	= {Batty, C.J.K.},
  title		= {Derivations on compact spaces},
  journal	= {Proceedings of the London Mathematical Society},
  volume	= {42},
  year		= {1981},
  pages		= {299-330}
}

@Article{	  battydavies:1982,
  author	= {Batty, C.J.K. and Davies, E.B.},
  title		= {Positive semigroups and resolvents},
  journal	= {Journal of Operator Theory},
  volume	= {10},
  year		= {1982},
  pages		= {357-363}
}

@Article{	  battyrobinson:1984,
  author	= {Batty, C.J.K. and Robinson, D.W.},
  title		= {Positive one-parameter semigroups on ordered spaces},
  journal	= {Acta Applicandae Mathematicae},
  volume	= {2},
  year		= {1984},
  pages		= {221-296}
}

@Article{	  battyrobinson:1985,
  author	= {Batty, C.J.K. and Robinson, D.W.},
  title		= {The characterization of differential operators by
		  locality: abstract derivations},
  journal	= {Ergodic Theory and Dynamical Systems},
  volume	= {5},
  year		= {1985},
  pages		= {171-183}
}

@Book{		  bauer:1966,
  author	= {Bauer, H.},
  title		= {Harmonische Räume und ihre Potentialtheorie},
  publisher	= {Springer},
  address	= {Berlin-Heidelberg-New York},
  year		= {1966}
}

@Article{	  beals:1972,
  author	= {Beals, R.},
  title		= {On the abstract {C}auchy problem},
  journal	= {Journal of Functional Analysis},
  volume	= {10},
  year		= {1972},
  pages		= {281-299}
}

@Book{		  bellenimorante:1979,
  author	= {Belleni-Morante, A.},
  title		= {Applied Semigroups and Evolution Equations},
  publisher	= {Oxford University Press},
  address	= {Oxford},
  year		= {1979}
}

@Book{		  bellmancooke:1963,
  author	= {Bellman, R. and Cooke, K.L.},
  title		= {Differential-Difference Equations},
  publisher	= {Academic Press},
  address	= {London-New York},
  year		= {1963}
}

@Article{	  belyisemenov:1975,
  author	= {Belyi, A.G. and Semenov, Y.A.},
  title		= {Kato's inequality and semigroup product-formulas},
  journal	= {Functional Analysis and its Applications},
  volume	= {9},
  year		= {1975},
  pages		= {320-321}
}

@Article{	  benchimol:1978a,
  author	= {Benchimol, C.D.},
  title		= {A note on weak stabilizability of contraction semigroups},
  journal	= {SIAM Journal on Control and Optimization},
  volume	= {16},
  year		= {1978},
  pages		= {373-379}
}

@Article{	  benchimol:1978b,
  author	= {Benchimol, C.D.},
  title		= {Feedback stabilizability in {H}ilbert spaces},
  journal	= {Applied Mathematics and Optimization},
  volume	= {4},
  year		= {1978},
  pages		= {223-248}
}

@InCollection{	  benilanpicard:1979,
  author	= {Benilan, P. and Picard, C.},
  title		= {Quelques aspects non lineaires du principe du maximum},
  booktitle	= {Séminaire de Théorie du Potentiel},
  series	= {Lecture Notes in Mathematics},
  volume	= {713},
  publisher	= {Springer},
  year		= {1979}
}

@Article{	  bergercoburn:1970,
  author	= {Berger, C.A. and Coburn, L.A.},
  title		= {One-parameter semigroups of isometries},
  journal	= {Bulletin of the American Mathematical Society},
  volume	= {76},
  year		= {1970},
  pages		= {1125-1129}
}

@Book{		  bergforst:1975,
  author	= {Berg, C. and Forst, G.},
  title		= {Potential Theory on Locally Compact Abelian Groups},
  publisher	= {Springer},
  address	= {Berlin-Heidelberg-New York},
  year		= {1975}
}

@Article{	  beurling:1970,
  author	= {Beurling, A.},
  title		= {On analytic extensions of semigroups of operators},
  journal	= {Journal of Functional Analysis},
  volume	= {6},
  year		= {1970},
  pages		= {387-400}
}

@Article{	  beurlingdeny:1948,
  author	= {Beurling, A. and Deny, J.},
  title		= {Espaces de {D}irichlet {I}: {L}e cas élémentaire},
  journal	= {Acta Mathematica},
  volume	= {99},
  year		= {1948},
  pages		= {203-224}
}

@Article{	  bonyetal:1968,
  author	= {Bony, J.-M. and Courrège, P. and Priouret, P.},
  title		= {Semi-groups de {F}eller sur une variété à bord compact
		  et problèmes aux limites intégro-différentiels du second
		  ordre donnant lieu au principe du maximum},
  journal	= {Annales de l'Institut Fourier},
  volume	= {18},
  year		= {1968},
  pages		= {369-521}
}

@Book{		  bourbaki:1955,
  author	= {Bourbaki, N.},
  title		= {Éléments des Mathématiques, Intégration, Chapitre 5:
		  Intégration des Mesures},
  publisher	= {Hermann},
  address	= {Paris},
  year		= {1955}
}

@Article{	  bourgain:1980,
  author	= {Bourgain, J.},
  title		= {Propriétés de relèvement et projections dans les
		  espaces {$L^1/H_0^1$} et {$H^\infty$}},
  journal	= {Comptes Rendus de l'Académie des Sciences Paris Série
		  A-B},
  volume	= {291},
  year		= {1980},
  pages		= {607-609}
}

@Article{	  boyadzhiev:1984,
  author	= {Boyadzhiev, H.N.},
  title		= {Characterization of the generators of {$C_0$} semigroups
		  which leave a convex set invariant},
  journal	= {Commentationes Mathematicae Universitatis Carolinae},
  volume	= {25},
  year		= {1984},
  pages		= {159-170}
}

@Article{	  brattelietal:1980,
  author	= {Bratteli, O. and Kishimoto, A. and Robinson, D.W.},
  title		= {Positivity and monotonicity properties of
		  {$C_0$}-semigroups, {I}},
  journal	= {Communications in Mathematical Physics},
  volume	= {75},
  year		= {1980},
  pages		= {67-84}
}

@Article{	  brattelietal:1983,
  author	= {Bratteli, O. and Digernes, T. and Robinson, D.W.},
  title		= {Positive semigroups on ordered {B}anach spaces},
  journal	= {Journal of Operator Theory},
  volume	= {9},
  year		= {1983},
  pages		= {371-400}
}

@Book{		  brattelijorgensen:1984,
  author	= {Bratteli, O. and Jorgensen, P.E.T.},
  title		= {Positive Semigroups of Operators and Applications},
  series	= {Acta Applicandae Mathematicae},
  volume	= {2},
  publisher	= {Reidel},
  address	= {Dordrecht/Boston},
  year		= {1984},
  note		= {Special issue}
}

@Article{	  brattelirobinson:1975,
  author	= {Bratteli, O. and Robinson, D.W.},
  title		= {Unbounded derivations of {C*}-algebras},
  journal	= {Communications in Mathematical Physics},
  volume	= {42},
  year		= {1975},
  pages		= {253-268}
}

@Book{		  brattelirobinson:1979,
  author	= {Bratteli, O. and Robinson, D.W.},
  title		= {Operator Algebras and Quantum Statistical Mechanics {I}},
  publisher	= {Springer},
  address	= {New York-Heidelberg-Berlin},
  year		= {1979},
  note		= {Volume II published 1981}
}

@Article{	  brattelirobinson:1981,
  author	= {Bratteli, O. and Robinson, D.W.},
  title		= {Positive {C*}-semigroups on {C*}-algebras},
  journal	= {Mathematica Scandinavica},
  volume	= {49},
  year		= {1981},
  pages		= {259-274}
}

@Article{	  calvert:1970,
  author	= {Calvert, B.D.},
  title		= {Nonlinear evolution equations in {B}anach lattice},
  journal	= {Bulletin of the American Mathematical Society},
  volume	= {76},
  year		= {1970},
  pages		= {845-850}
}

@Article{	  calvert:1971a,
  author	= {Calvert, B.D.},
  title		= {Nonlinear equations of evolution},
  journal	= {Pacific Journal of Mathematics},
  volume	= {39},
  year		= {1971},
  pages		= {293-350}
}

@Article{	  calvert:1971b,
  author	= {Calvert, B.D.},
  title		= {Semigroups on an ordered {B}anach space},
  journal	= {Journal of the Mathematical Society of Japan},
  volume	= {23},
  year		= {1971},
  pages		= {311-319}
}

@Article{	  calvert:1972,
  author	= {Calvert, B.D.},
  title		= {On {T}-accretive operators},
  journal	= {Annali di Matematica Pura ed Applicata},
  volume	= {94},
  year		= {1972},
  pages		= {291-314}
}

@Article{	  calvertpicard:1975,
  author	= {Calvert, B.D. and Picard, C.},
  title		= {Opérateurs accrétifs et {$\Phi$}-accrétifs dans un
		  espace de {B}anach},
  journal	= {Hiroshima Mathematical Journal},
  volume	= {5},
  year		= {1975},
  pages		= {363-370}
}

@Article{	  chiconeswanson:1981,
  author	= {Chicone, C. and Swanson, R.C.},
  title		= {Spectral theory for linearizations of dynamical systems},
  journal	= {Journal of Differential Equations},
  volume	= {40},
  year		= {1981},
  pages		= {155-167}
}

@Article{	  choi:1974,
  author	= {Choi, M.-D.},
  title		= {A {S}chwarz inequality for positive linear maps on
		  {C*}-algebras},
  journal	= {Illinois Journal of Mathematics},
  volume	= {18},
  year		= {1974},
  pages		= {565-574}
}

@Article{	  choquetfoias:1975,
  author	= {Choquet, G. and Foias, C.},
  title		= {Solution d'un problème sur les itérés d'un operateur
		  positif sur {C(K)} et propriétés des moyennes
		  associées},
  journal	= {Annales de l'Institut Fourier},
  volume	= {25},
  year		= {1975},
  pages		= {109-125}
}

@Article{	  coffmangrover:1980,
  author	= {Coffman, C.V. and Grover, C.L.},
  title		= {Obtuse cones in {H}ilbert spaces and application to
		  partial differential equations},
  journal	= {Journal of Functional Analysis},
  volume	= {35},
  year		= {1980},
  pages		= {369-396}
}

@Article{	  collatz:1942,
  author	= {Collatz, P.},
  title		= {Einschließungssatz für die charakteristischen {Z}ahlen
		  von {M}atrizen},
  journal	= {Mathematische Zeitschrift},
  volume	= {48},
  year		= {1942},
  pages		= {221-226}
}

@Article{	  combesdelaroche:1978,
  author	= {Combes, F. and Delaroche, C.},
  title		= {Representations des groupes localement compacts et
		  applications aux algèbres d'opérateurs},
  journal	= {Astérisque},
  volume	= {55},
  year		= {1978},
  note		= {Séminaire d'Orleans}
}

@Article{	  cookeferreira:1983,
  author	= {Cooke, K.L. and Ferreira, J.M.},
  title		= {Stability conditions for linear retarded differential
		  equations},
  journal	= {Journal of Mathematical Analysis and Applications},
  volume	= {96},
  year		= {1983},
  pages		= {480-504}
}

@Book{		  cornfeldetal:1982,
  author	= {Cornfeld, I.P. and Fomin, S.V. and Sinai, Ya.G.},
  title		= {Ergodic Theory},
  publisher	= {Springer},
  address	= {Berlin-Heidelberg-New York},
  year		= {1982}
}

@Article{	  coulhon:1984,
  author	= {Coulhon, T.},
  title		= {Suites d'opérateurs sur un espace {$C(K)$} de
		  {G}rothendieck},
  journal	= {Comptes Rendus de l'Académie des Sciences Paris Série I
		  Mathématiques},
  volume	= {298},
  year		= {1984},
  pages		= {13-15}
}

@Article{	  crandalltar:1980,
  author	= {Crandall, M.G. and Tartar, L.},
  title		= {Some relations between nonexpansive and order preserving
		  mappings},
  journal	= {Proceedings of the American Mathematical Society},
  volume	= {78},
  year		= {1980},
  pages		= {385-390}
}

@Article{	  datko:1970,
  author	= {Datko, R.},
  title		= {Extending a theorem of {A.M.} {L}iapunov to {H}ilbert
		  space},
  journal	= {Journal of Mathematical Analysis and Applications},
  volume	= {32},
  year		= {1970},
  pages		= {610-616}
}

@Article{	  datko:1972,
  author	= {Datko, R.},
  title		= {Uniform asymptotic stability of evolutionary processes in
		  a {B}anach space},
  journal	= {SIAM Journal on Mathematical Analysis},
  volume	= {3},
  year		= {1972},
  pages		= {428-445}
}

@Article{	  datko:1983,
  author	= {Datko, R.},
  title		= {An example of an unstable neutral differential equation},
  journal	= {International Journal of Control},
  volume	= {38},
  year		= {1983},
  pages		= {263-267}
}

@Article{	  davies:1972,
  author	= {Davies, E.B.},
  title		= {Some contraction semigroups in quantum probability},
  journal	= {Zeitschrift für Wahrscheinlichkeitstheorie und Verwandte
		  Gebiete},
  volume	= {23},
  year		= {1972},
  pages		= {261-273}
}

@Book{		  davies:1976,
  author	= {Davies, E.B.},
  title		= {Quantum Theory of Open Systems},
  publisher	= {Academic Press},
  address	= {London-New York-San Francisco},
  year		= {1976}
}

@Article{	  davies:1979,
  author	= {Davies, E.B.},
  title		= {Generators of dynamical semigroups},
  journal	= {Journal of Functional Analysis},
  volume	= {34},
  year		= {1979},
  pages		= {421-431}
}

@Book{		  davies:1980,
  author	= {Davies, E.B.},
  title		= {One-parameter Semigroups},
  publisher	= {Academic Press},
  address	= {London-New York-San Francisco},
  year		= {1980}
}

@Article{	  davies:1982,
  author	= {Davies, E.B.},
  title		= {The harmonic functions of mean ergodic semigroups},
  journal	= {Mathematische Zeitschrift},
  volume	= {181},
  year		= {1982},
  pages		= {543-552}
}

@InCollection{	  davies:1986,
  author	= {Davies, E.B.},
  title		= {Spectral properties of some second order elliptic
		  operators on {$L^p$}-spaces},
  booktitle	= {Aspects of Positivity in Functional Analysis},
  editor	= {Nagel, R. and Schlotterbeck, U. and Wolff, M.P.H.},
  publisher	= {North Holland},
  address	= {Amsterdam},
  year		= {1986}
}

@Book{		  deimling:1977,
  author	= {Deimling, K.},
  title		= {Ordinary Differential Equations in {B}anach Spaces},
  publisher	= {Springer},
  address	= {Berlin-Heidelberg-New York},
  year		= {1977}
}

@Article{	  delaubenfels:1984,
  author	= {de Laubenfels, R.},
  title		= {Well behaved derivation on {C[0,1]}},
  journal	= {Pacific J. Math.},
  volume	= {115},
  year		= {1984},
  pages		= {73--80}
}

@Article{	  deleeuwglicksberg:1961,
  author	= {DeLeeuw, K. and Glicksberg, I.},
  title		= {Applications of almost periodic compactifications},
  journal	= {Acta Mathematica},
  volume	= {105},
  year		= {1961},
  pages		= {63-97}
}

@Article{	  depagter:1984,
  author	= {de Pagter, B.},
  title		= {A note on disjointness preserving operators},
  journal	= {Proc. Amer. Math. Soc.},
  volume	= {90},
  year		= {1984},
  pages		= {543--550}
}

@Article{	  depagter:1986,
  author	= {de Pagter, B.},
  title		= {Irreducible compact operators},
  journal	= {Math. Z.},
  year		= {1986},
  note		= {To appear}
}

@Article{	  derndinger:1980,
  author	= {Derndinger, R.},
  title		= {{\"U}ber das {S}pektrum positiver {G}eneratoren},
  journal	= {Mathematische Zeitschrift},
  volume	= {172},
  year		= {1980},
  pages		= {281-293}
}

@Article{	  derndinger:1984,
  author	= {Derndinger, R.},
  title		= {Betragshalbgruppen normstetiger {O}peratorhalbgruppen},
  journal	= {Archiv der Mathematik},
  volume	= {42},
  year		= {1984},
  pages		= {371-375}
}

@Article{	  derndingernagel:1979,
  author	= {Derndinger, R. and Nagel, R.},
  title		= {Der {G}enerator starkstetiger {V}erbandshalbgruppen auf
		  {$C(X)$} und dessen {S}pektrum},
  journal	= {Mathematische Annalen},
  volume	= {245},
  year		= {1979},
  pages		= {159-177}
}

@TechReport{	  deschschappacher:1983,
  author	= {Desch, W. and Schappacher, W.},
  title		= {Spectral properties of finite-dimensional perturbed linear
		  semigroups},
  institution	= {Universität Graz},
  type		= {Preprint},
  year		= {1983}
}

@Article{	  deschschappacher:1984,
  author	= {Desch, W. and Schappacher, W.},
  title		= {On relatively bounded perturbations of linear
		  {$C_0$}-semigroups},
  journal	= {Annali della Scuola Normale Superiore di Pisa},
  volume	= {11},
  year		= {1984},
  pages		= {327-341}
}

@Article{	  diblasioetal:1983,
  author	= {Di Blasio, G. and Kunisch, K. and Sinestrari, E.},
  title		= {The solution operator for a partial differential equation
		  with delay},
  journal	= {Atti della Accademia Nazionale dei Lincei. Rendiconti.
		  Classe di Scienze Fisiche, Matematiche e Naturali},
  volume	= {74},
  year		= {1983},
  pages		= {228-233}
}

@Article{	  diblasioetal:1984,
  author	= {Di Blasio, G. and Kunisch, K. and Sinestrari, E.},
  title		= {Stability for abstract linear functional equations},
  journal	= {Israel Journal of Mathematics},
  note		= {To appear},
  year		= {1984}
}

@Article{	  diekmannetal:1984,
  author	= {Diekmann, O. and Heijmans, H.J.A.M. and Thieme, H.R.},
  title		= {On the stability of the cell size distribution},
  journal	= {Journal of Mathematical Biology},
  volume	= {19},
  year		= {1984},
  pages		= {227-248}
}

@Book{		  dieudonne:1971,
  author	= {Dieudonné, J.},
  title		= {Éléments d'Analyse (Tome {IV})},
  publisher	= {Gauthier-Villars},
  address	= {Paris},
  year		= {1971}
}

@Article{	  djacenko:1976,
  author	= {D'Jacenko, S. V.},
  title		= {Semigroups of almost negative type and their
		  applications},
  journal	= {Soviet Math. Dokl.},
  volume	= {17},
  year		= {1976},
  pages		= {1189--1193}
}

@Book{		  doetsch:1950,
  author	= {Doetsch, G.},
  title		= {Handbuch der {L}aplace {T}ransformation, {B}and {I}},
  publisher	= {Birkhäuser},
  address	= {Basel},
  year		= {1950}
}

@Article{	  dorroh:1966,
  author	= {Dorroh, J.R.},
  title		= {Contraction semi-groups in a function space},
  journal	= {Pacific Journal of Mathematics},
  volume	= {19},
  year		= {1966},
  pages		= {35-38}
}

@Book{		  dunfordschwartz:1958,
  author	= {Dunford, N. and Schwartz, J.T.},
  title		= {Linear Operators, {P}art {I}: {G}eneral {T}heory},
  publisher	= {Wiley},
  address	= {New York},
  year		= {1958}
}

@Book{		  dynkin:1965,
  author	= {Dynkin, E.B.},
  title		= {Markov Processes {I}, {II}},
  publisher	= {Springer},
  address	= {Berlin-Göttingen-Heidelberg},
  year		= {1965}
}

@Article{	  dysonvillella:1979,
  author	= {Dyson, J. and Villella-Bressan, R.},
  title		= {Semigroups of translations associated with functional and
		  functional differential equations},
  journal	= {Proceedings of the Royal Society of Edinburgh, Section A},
  volume	= {82},
  year		= {1979},
  pages		= {171-188}
}

@Article{	  eberlein:1948,
  author	= {Eberlein, W.F.},
  title		= {Abstract ergodic theorems and weak almost periodic
		  functions},
  journal	= {Transactions of the American Mathematical Society},
  volume	= {67},
  year		= {1948},
  pages		= {217-240}
}

@Article{	  elliot:1972,
  author	= {Elliot, G.},
  title		= {Convergence of automorphisms on certain {C*}-algebras},
  journal	= {Journal of Functional Analysis},
  volume	= {11},
  year		= {1972},
  pages		= {204-206}
}

@Article{	  evans:1976,
  author	= {Evans, D.E.},
  title		= {On the spectrum of a one-parameter strongly continuous
		  representation},
  journal	= {Mathematica Scandinavica},
  volume	= {39},
  year		= {1976},
  pages		= {80-82}
}

@Article{	  evans:1977,
  author	= {Evans, D.E.},
  title		= {Irreducible quantum dynamical semigroups},
  journal	= {Communications in Mathematical Physics},
  volume	= {54},
  year		= {1977},
  pages		= {293-297}
}

@Article{	  evans:1984,
  author	= {Evans, D.E.},
  title		= {Quantum dynamical semigroups, symmetry groups, and
		  locality},
  journal	= {Acta Applicandae Mathematicae},
  volume	= {2},
  year		= {1984},
  pages		= {333-352}
}

@Article{	  evanshancheolsen:1979,
  author	= {Evans, D.E. and Hanche-Olsen, H.},
  title		= {The generators of positive semigroups},
  journal	= {Journal of Functional Analysis},
  volume	= {32},
  year		= {1979},
  pages		= {207-212}
}

@Article{	  fattorini:1969a,
  author	= {Fattorini, H.O.},
  title		= {Ordinary differential equations in linear topological
		  spaces, {I}},
  journal	= {Journal of Differential Equations},
  volume	= {5},
  year		= {1969},
  pages		= {72-105}
}

@Article{	  fattorini:1969b,
  author	= {Fattorini, H.O.},
  title		= {Ordinary differential equations in linear topological
		  spaces, {II}},
  journal	= {Journal of Differential Equations},
  volume	= {6},
  year		= {1969},
  pages		= {50-70}
}

@Book{		  fattorini:1983,
  author	= {Fattorini, H.O.},
  title		= {The {C}auchy {P}roblem},
  publisher	= {Addison-Wesley},
  address	= {Reading, Massachusetts},
  year		= {1983}
}

@Article{	  feller:1952,
  author	= {Feller, W.},
  title		= {The parabolic differential equation and the associated
		  semigroups of transformations},
  journal	= {Annals of Mathematics},
  volume	= {55},
  year		= {1952},
  pages		= {468-519}
}

@Article{	  feller:1953a,
  author	= {Feller, W.},
  title		= {On the generation of unbounded semigroups of bounded
		  linear operators},
  journal	= {Annals of Mathematics},
  volume	= {58},
  year		= {1953},
  pages		= {166-174}
}

@Article{	  feller:1953b,
  author	= {Feller, W.},
  title		= {On positivity preserving semigroups of transformations on
		  {$C[r_1,r_2]$}},
  journal	= {Annales Societatis Mathematicae Polonae},
  volume	= {25},
  year		= {1953},
  pages		= {85-94}
}

@Article{	  feller:1954a,
  author	= {Feller, W.},
  title		= {The general diffusion operator of positivity preserving
		  semigroups in one dimension},
  journal	= {Annals of Mathematics},
  volume	= {60},
  year		= {1954},
  pages		= {417-436}
}

@Article{	  feller:1954b,
  author	= {Feller, W.},
  title		= {Diffusion processes in one dimension},
  journal	= {Transactions of the American Mathematical Society},
  volume	= {77},
  year		= {1954},
  pages		= {1-31}
}

@Article{	  feller:1955,
  author	= {Feller, W.},
  title		= {On second order differential operators},
  journal	= {Annals of Mathematics},
  volume	= {61},
  year		= {1955},
  pages		= {90-105}
}

@Article{	  feller:1956,
  author	= {Feller, W.},
  title		= {Boundaries induced by non-negative matrices},
  journal	= {Transactions of the American Mathematical Society},
  volume	= {83},
  year		= {1956},
  pages		= {19-54}
}

@InCollection{	  feller:1957,
  author	= {Feller, W.},
  title		= {On boundaries defined by stochastic matrices},
  booktitle	= {Applied Probability},
  series	= {Proceedings of Symposia in Applied Mathematics},
  volume	= {7},
  pages		= {35-40},
  publisher	= {McGraw Hill},
  address	= {New York},
  year		= {1957}
}

@Article{	  feller:1959,
  author	= {Feller, W.},
  title		= {Differential operators with the positive maximum
		  property},
  journal	= {Illinois Journal of Mathematics},
  volume	= {3},
  year		= {1959},
  pages		= {182-186}
}

@Book{		  fisher:1983,
  author	= {Fisher, S.D.},
  title		= {Function Theory on Planar Domains},
  publisher	= {Wiley},
  address	= {New York},
  year		= {1983}
}

@Article{	  foias:1973,
  author	= {Foias, C.},
  title		= {Sur une question de {M}. {R}eghis},
  journal	= {Analele Universităţii din Timişoara, Seria Ştiinţe
		  Matematice},
  volume	= {11},
  year		= {1973},
  pages		= {111-114}
}

@Article{	  frigerioverri:1982,
  author	= {Frigerio, A. and Verri, M.},
  title		= {Long-time asymptotic properties of dynamical semigroups on
		  {$W^*$}-algebras},
  journal	= {Mathematische Zeitschrift},
  volume	= {180},
  year		= {1982},
  pages		= {275-286}
}

@Article{	  frobenius:1909,
  author	= {Frobenius, G.},
  title		= {{\"U}ber {M}atrizen aus positiven {E}lementen},
  journal	= {Sitzungsberichte der Preußischen Akademie der
		  Wissenschaften, Physikalisch-Mathematische Klasse},
  year		= {1909},
  pages		= {514-518},
  note		= {Earlier version appeared in 1908, pp. 471-476}
}

@Book{		  fukushima:1982,
  author	= {Fukushima, M.},
  title		= {Dirichlet Forms and {M}arkov Processes},
  publisher	= {North Holland},
  address	= {London},
  year		= {1980}
}

@Article{	  gearhart:1978,
  author	= {Gearhart, L.},
  title		= {Spectral theory for contraction semigroups on {H}ilbert
		  spaces},
  journal	= {Transactions of the American Mathematical Society},
  volume	= {236},
  year		= {1978},
  pages		= {385-394}
}

@Book{		  gilbargtrudinger:1977,
  author	= {Gilbarg, D. and Trudinger, N.S.},
  title		= {Elliptic Partial Differential Equations of Second Order},
  publisher	= {Springer},
  address	= {Berlin},
  year		= {1977}
}

@Article{	  goldstein:1981,
  author	= {Goldstein, J.A.},
  title		= {Some developments in semigroups since {H}ille-{P}hillips},
  journal	= {Integral Equations and Operator Theory},
  volume	= {4},
  year		= {1981},
  pages		= {350-365}
}

@Book{		  goldstein:1985a,
  author	= {Goldstein, J.A.},
  title		= {Semigroups of Operators and Applications},
  publisher	= {Oxford University Press},
  year		= {1985}
}

@TechReport{	  goldstein:1985b,
  author	= {Goldstein, J.A.},
  title		= {A (more-or-less) complete bibliography of semigroups of
		  operators through 1984},
  institution	= {Tulane University},
  type		= {Preprints and Lecture Notes in Mathematics},
  year		= {1985}
}

@InCollection{	  goldstein:1986,
  author	= {Goldstein, J.A.},
  title		= {Asymptotics for bounded semigroups in {H}ilbert spaces},
  booktitle	= {Aspects of Positivity in Functional Analysis},
  editor	= {Nagel, R. and Schlotterbeck, U. and Wolff, M.P.H.},
  publisher	= {North Holland},
  address	= {Amsterdam},
  year		= {1986}
}

@Article{	  greiner:1981,
  author	= {Greiner, G.},
  title		= {Zur {P}erron-{F}robenius {T}heorie stark stetiger
		  {H}albgruppen},
  journal	= {Mathematische Zeitschrift},
  volume	= {177},
  year		= {1981},
  pages		= {401-423}
}

@Article{	  greiner:1982,
  author	= {Greiner, G.},
  title		= {Spektrum und {A}symptotik stark stetiger {H}albgruppen
		  positiver {O}peratoren},
  journal	= {Sitzungsberichte der Heidelberger Akademie der
		  Wissenschaften, Mathematisch-Naturwissenschaftliche
		  Klasse},
  year		= {1982},
  pages		= {55-80}
}

@InCollection{	  greiner:1984a,
  author	= {Greiner, G.},
  title		= {A typical {P}erron-{F}robenius theorem with applications
		  to an age-dependent population equation},
  booktitle	= {Infinite-dimensional Systems, Retzhof 1983},
  editor	= {Kappel, F. and Schappacher, W.},
  series	= {Lecture Notes in Mathematics},
  volume	= {1076},
  pages		= {86-100},
  publisher	= {Springer},
  address	= {Berlin-Heidelberg-New York},
  year		= {1984}
}

@Article{	  greiner:1984b,
  author	= {Greiner, G.},
  title		= {Spectral properties and asymptotic behavior of the linear
		  transport equation},
  journal	= {Mathematische Zeitschrift},
  volume	= {185},
  year		= {1984},
  pages		= {167-177}
}

@Article{	  greiner:1984c,
  author	= {Greiner, G.},
  title		= {A spectral decomposition of strongly continuous groups of
		  positive operators},
  journal	= {Quarterly Journal of Mathematics Oxford},
  volume	= {35},
  number	= {2},
  year		= {1984},
  pages		= {37-47}
}

@TechReport{	  greiner:1984d,
  author	= {Greiner, G.},
  title		= {An irreducibility criterion for the linear transport
		  equation},
  institution	= {Universität Tübingen},
  type		= {Semesterbericht Funktionalanalysis},
  year		= {1984},
  pages		= {1-8},
  note		= {Sommersemester 1984}
}

@TechReport{	  greiner:1985,
  author	= {Greiner, G.},
  title		= {Some applications of {F}ejer's theorem to one-parameter
		  semigroups},
  type		= {Preprint},
  year		= {1985}
}

@Article{	  greiner:1986,
  author	= {Greiner, G.},
  title		= {Perturbing the boundary conditions of a generator},
  journal	= {Houston Journal of Mathematics},
  note		= {To appear},
  year		= {1986}
}

@Article{	  greineretal:1981,
  author	= {Greiner, G. and Voigt, J. and Wolff, M.P.H.},
  title		= {On the spectral bound of the generator of semigroups of
		  positive operators},
  journal	= {Journal of Operator Theory},
  volume	= {5},
  year		= {1981},
  pages		= {245-256}
}

@Article{	  greinernagel:1982,
  author	= {Greiner, G. and Nagel, R.},
  title		= {La loi ``zero ou deux'' et ses conséquences pour le
		  comportement asymptotique des opérateurs positifs},
  journal	= {Journal de Mathématiques Pures et Appliquées},
  volume	= {9},
  year		= {1982},
  pages		= {261-273}
}

@Article{	  greinernagel:1983,
  author	= {Greiner, G. and Nagel, R.},
  title		= {On the stability of strongly continuous semigroups of
		  positive operators on {$L^2(\mu)$}},
  journal	= {Annali della Scuola Normale Superiore di Pisa},
  volume	= {10},
  year		= {1983},
  pages		= {257-262}
}

@Article{	  groh:1981,
  author	= {Groh, T.},
  title		= {The peripheral point spectrum of {S}chwarz operators on
		  {$C^*$}-algebras},
  journal	= {Mathematische Zeitschrift},
  volume	= {176},
  year		= {1981},
  pages		= {311-318}
}

@Article{	  groh:1982a,
  author	= {Groh, T.},
  title		= {Some observations on the spectra of positive operators on
		  finite dimensional {$C^*$}-algebras},
  journal	= {Linear Algebra and its Applications},
  volume	= {42},
  year		= {1982},
  pages		= {213-222}
}

@TechReport{	  groh:1982b,
  author	= {groh:19, T.},
  title		= {Asymptotic behavior of dynamical systems on
		  {W*}-algebras},
  institution	= {Universität Tübingen},
  type		= {Semesterbericht Funktionalanalysis},
  year		= {1982},
  pages		= {15-25},
  note		= {Sommersemester 1982}
}

@Article{	  groh:1984a,
  author	= {Groh, T.},
  title		= {Uniformly ergodic maps on {$C^*$}-algebras},
  journal	= {Israel Journal of Mathematics},
  volume	= {47},
  year		= {1984},
  pages		= {227-235}
}

@Article{	  groh:1984b,
  author	= {Groh, T.},
  title		= {Uniform ergodic theorems for identity preserving {S}chwarz
		  maps on {W*}-algebras},
  journal	= {Journal of Operator Theory},
  volume	= {11},
  year		= {1984},
  pages		= {395-404}
}

@Article{	  groh:1984c,
  author	= {Groh, T.},
  title		= {Spectrum and asymptotic behaviour of completely positive
		  maps on {$B(H)$}},
  journal	= {Mathematica Japonica},
  volume	= {29},
  year		= {1984},
  pages		= {395-402}
}

@Article{	  grothendieck:1953,
  author	= {Grothendieck, A.},
  title		= {Sur les applications linéaires faiblement compactes
		  d'espaces du type {$C(K)$}},
  journal	= {Canadian Journal of Mathematics},
  volume	= {5},
  year		= {1953},
  pages		= {129-173}
}

@Article{	  gustafsenlumer:1972,
  author	= {Gustafson, K. and Lumer, G.},
  title		= {Multiplicative perturbation of semigroup generators},
  journal	= {Pacific Journal of Mathematics},
  volume	= {41},
  year		= {1972},
  pages		= {731-742}
}

@TechReport{	  gyllenbergheijmans:1985,
  author	= {Gyllenberg, M. and Heijmans, H.J.A.M.},
  title		= {An abstract delay equation modelling size dependent cell
		  growth and division},
  type		= {Preprint},
  year		= {1985}
}

@InCollection{	  hadeler:1978,
  author	= {Hadeler, K.-P.},
  title		= {Delay-equations in biology},
  booktitle	= {Functional Differential Equations and Approximation of
		  Fixed Points},
  editor	= {Peitgen, H.-O. and Walther, H.-O.},
  year		= {1978},
  series	= {Lecture Notes in Mathematics},
  volume	= {730},
  pages		= {136--156},
  publisher	= {Springer},
  address	= {Berlin-Heidelberg-New York}
}

@Book{		  hale:1977,
  author	= {Hale, J.},
  title		= {Theory of Functional Differential Equations},
  publisher	= {Springer},
  year		= {1977},
  address	= {New York-Heidelberg-Berlin}
}

@Article{	  hamel:1905,
  author	= {Hamel, G.},
  title		= {Eine Basis aller Zahlen und die unstetigen L{\"o}sungen
		  der Funktionalgleichung: {$f(x+y)=f(x)+f(y)$}},
  journal	= {Math. Ann.},
  volume	= {60},
  year		= {1905},
  pages		= {459--462}
}

@Article{	  hasegawa:1966,
  author	= {Hasegawa, M.},
  title		= {On contraction semigroups and (di)-operators},
  journal	= {J. Math. Soc. Japan},
  volume	= {18},
  year		= {1966},
  pages		= {290--302}
}

@Article{	  heijmans1985a,
  author	= {Heijmans, H. J. A. M.},
  title		= {Structured populations, linear semigroups and positivity},
  journal	= {Math. Z.},
  year		= {1985},
  note		= {To appear}
}

@Article{	  heijmans1985b,
  author	= {Heijmans, H. J. A. M.},
  title		= {An eigenvalue problem related to cell growth},
  journal	= {J. Math. Anal. Appl.},
  volume	= {111},
  year		= {1985},
  pages		= {253--280}
}

@InCollection{	  heijmans:1986,
  author	= {Heijmans, H. J. A. M.},
  title		= {The dynamical behavior of the age-size distribution of a
		  cell population},
  booktitle	= {Dynamics of Physiologically structured Population},
  editor	= {Metz, J. A. J. and Diekmann, O.},
  series	= {Lecture Notes in Biomathematics},
  publisher	= {Springer},
  year		= {1986},
  note		= {To appear}
}

@Unpublished{	  hempelvoigt:1985,
  author	= {Hempel, R. and Voigt, J.},
  title		= {The spectrum of a {Schr\"odinger} operator in {$L_p(R^v)$}
		  is $p$-independent},
  note		= {Preprint},
  year		= {1985},
  address	= {M{\"u}nchen}
}

@Article{	  herbst:1982,
  author	= {Herbst, I. W.},
  title		= {Contraction semigroups and the spectrum of {$A_1 \otimes I
		  + I \otimes A_2$}},
  journal	= {J. Operator Theory},
  volume	= {7},
  year		= {1982},
  pages		= {61--78}
}

@Article{	  herbst:1983,
  author	= {Herbst, I. W.},
  title		= {The spectrum of {Hilbert} space semigroups},
  journal	= {J. Operator Theory},
  volume	= {10},
  year		= {1983},
  pages		= {87--94}
}

@Article{	  herbstsloan:1978,
  author	= {Herbst, I. W. and Sloan, A. D.},
  title		= {Perturbation of translation invariant positivity
		  preserving semigroups on {$L^2(\mathbb{R}^k)$}},
  journal	= {Trans. Amer. Math. Soc.},
  volume	= {236},
  year		= {1978},
  pages		= {325--360}
}

@Article{	  hessetal:1977,
  author	= {Hess, H. and Schrader, R. and Uhlenbrock, D. A.},
  title		= {Domination of semigroups and generalization of {Kato's}
		  inequality},
  journal	= {Duke Math. J.},
  volume	= {44},
  year		= {1977},
  pages		= {893--904}
}

@Article{	  hesskato:1980,
  author	= {Hess, H. and Kato, T.},
  title		= {On some linear and nonlinear eigenvalue problems with an
		  infinite weight function},
  journal	= {Comm. Partial Differential Equations},
  volume	= {5},
  year		= {1980},
  pages		= {999--1030}
}

@Book{		  hewittross:1963,
  author	= {Hewitt, E. and Ross, K. A.},
  title		= {Abstract Harmonic Analysis {I}},
  publisher	= {Springer},
  address	= {Berlin-Heidelberg-New York},
  year		= {1963}
}

@Article{	  hiai:1978,
  author	= {Hiai, F.},
  title		= {Weakly mixing properties of semigroups of linear
		  operators},
  journal	= {Kodai Math. J.},
  volume	= {1},
  year		= {1978},
  pages		= {376--393}
}

@Book{		  hille:1948,
  author	= {Hille, E.},
  title		= {Functional Analysis and Semigroups},
  series	= {Colloquium Publications},
  volume	= {31},
  publisher	= {American Mathematical Society},
  address	= {Providence, R.I.},
  year		= {1948}
}

@Article{	  hille:1952,
  author	= {Hille, E.},
  title		= {Une g{\'e}n{\'e}ralisation du probl{\`e}me de {Cauchy}},
  journal	= {Ann. Inst. Fourier (Grenoble)},
  volume	= {4},
  year		= {1952},
  pages		= {31--48}
}

@Book{		  hillephillips:1957,
  author	= {Hille, E. and Phillips, R. S.},
  title		= {Functional Analysis and Semigroups},
  series	= {Colloquium Publications},
  volume	= {31},
  publisher	= {American Mathematical Society},
  address	= {Providence, R.I.},
  year		= {1957}
}

@Book{		  hirschsmale:1974,
  author	= {Hirsch, M. W. and Smale, S.},
  title		= {Differential Equations, Dynamical Systems and Linear
		  Algebra},
  publisher	= {Academic Press},
  address	= {New York},
  year		= {1974}
}

@Article{	  howland:1984,
  author	= {Howland, J. S.},
  title		= {On a theorem of {Gearhart}},
  journal	= {Integral Equations Operator Theory},
  volume	= {7},
  year		= {1984},
  pages		= {138--142}
}

@InCollection{	  jacobs:1972,
  author	= {Jacobs, K.},
  title		= {Gleichverteilung mod 1},
  booktitle	= {Selecta Mathematica},
  volume	= {IV},
  pages		= {57--93},
  publisher	= {Springer},
  address	= {Berlin-Heidelberg-New York},
  year		= {1972}
}

@Book{		  jameson:1974,
  author	= {Jameson, G. J. O.},
  title		= {Topology and Normed Spaces},
  publisher	= {Chapman and Hall},
  address	= {London},
  year		= {1974}
}

@Unpublished{	  jorgensen:1980,
  author	= {Jorgensen, P. T.},
  title		= {Monotone convergence of operators semigroups and the
		  dynamics of infinite particle systems},
  note		= {Preprint},
  institution	= {Aarhus Universitet},
  year		= {1980}
}

@PhDThesis{	  junghenn:1971,
  author	= {Junghenn, H. D.},
  title		= {Almost periodic compactifications and applications to one
		  parameter semigroups},
  school	= {The George Washington University},
  year		= {1971}
}

@Article{	  kadison:1965,
  author	= {Kadison, R. V.},
  title		= {Transformations of states in operator theory and
		  dynamics},
  journal	= {Topology},
  volume	= {3},
  year		= {1965},
  pages		= {177--198}
}

@Article{	  kallman:1969,
  author	= {Kallman, R. R.},
  title		= {Unitary groups and automorphisms of operator algebras},
  journal	= {Amer. J. Math.},
  volume	= {91},
  year		= {1969},
  pages		= {785--806}
}

@Article{	  kamke:1932,
  author	= {Kamke, E.},
  title		= {Zur Theorie der Systeme gew{\"o}hnlicher
		  {D}ifferentalgleichungen {II}},
  journal	= {Acta Math.},
  volume	= {58},
  year		= {1932},
  pages		= {57--85}
}

@Book{		  kaperetal:1983a,
  author	= {Kaper, H. G. and Lekkerkerker, C. G. and Hejtmanek, J.},
  title		= {Spectral Methods in Linear Transport Theory},
  publisher	= {Birkh{\"a}user},
  address	= {Basel},
  year		= {1982}
}

@Unpublished{	  kaperetal:1983b,
  author	= {Kaper, H. G. and Lekkerkerker, C. G. and Hejtmanek, J.},
  title		= {Recent progress on the reactor problem of linear transport
		  theory},
  note		= {Preprint},
  institution	= {Argonne National Laboratory},
  year		= {1983}
}

@Article{	  karlin:1959,
  author	= {Karlin, S.},
  title		= {Positive operators},
  journal	= {J. Math. Mech.},
  volume	= {8},
  year		= {1959},
  pages		= {907--937}
}

@Book{		  kato:1966,
  author	= {Kato, T.},
  title		= {Perturbation Theory for Linear Operators},
  year		= {1966},
  note		= {2nd printing: Berlin-Heidelberg-New York: Springer 1976}
}

@Article{	  kato:1973,
  author	= {Kato, T.},
  title		= {Schr{\"o}dinger operators with singular potentials},
  journal	= {Israel J. Math.},
  volume	= {13},
  year		= {1973},
  pages		= {135--148}
}

@Article{	  kato:1982,
  author	= {Kato, T.},
  title		= {Superconvexity of the spectral radius, and convexity of
		  the spectral bound and the type},
  journal	= {Math. Z.},
  volume	= {180},
  year		= {1982},
  pages		= {265--273}
}

@InCollection{	  kato:1986,
  author	= {Kato, T.},
  title		= {{$L^p$}-Theory of {Schr{\"o}dinger} operators with a
		  singular potential},
  booktitle	= {Aspects of Positivity in Functional Analysis},
  editor	= {Nagel, R. and Schlotterbeck, U. and Wolff, M. P. H.},
  publisher	= {North Holland},
  address	= {Amsterdam},
  year		= {1986}
}

@Unpublished{	  katznelsontzafriri:1984,
  author	= {Katznelson, Y. and Tzafriri, L.},
  title		= {On power bounded operators},
  note		= {Preprint},
  institution	= {Hebrew University},
  address	= {Jerusalem},
  year		= {1984}
}

@PhDThesis{	  kerscher:1986,
  author	= {Kerscher, W.},
  title		= {Retardierte {Cauchy} {Probleme}: {Ordnungseigenschaften}
		  und {Stabilit{\"a}t} unabh{\"a}ngig von der
		  {Verz{\"o}gerung}},
  school	= {Universit{\"a}t T{\"u}bingen},
  year		= {1986}
}

@Article{	  kerschernagel:1984,
  author	= {Kerscher, W. and Nagel, R.},
  title		= {Asymptotic behavior of one-parameter semigroups of
		  positive operators},
  journal	= {Acta Appl. Math.},
  volume	= {2},
  year		= {1984},
  pages		= {297--309}
}

@Article{	  kipnis:1974,
  author	= {Kipnis, C.},
  title		= {Majoration des semi-groupes de contractions de {$L^1$} et
		  applications},
  journal	= {Ann. Inst. H. Poincar{\'e} Sect. B},
  volume	= {10},
  year		= {1974},
  pages		= {369--384}
}

@Article{	  kishimotorobinson:1980,
  author	= {Kishimoto, A. and Robinson, D. W.},
  title		= {Positivity and monotonicity properties of
		  {$C_0$}-semigroups, {II}},
  journal	= {Comm. Math. Phys.},
  volume	= {75},
  year		= {1980},
  pages		= {85--101}
}

@Article{	  kishimotorobinson:1981,
  author	= {Kishimoto, A. and Robinson, D. W.},
  title		= {Subordinate semigroups and order properties},
  journal	= {J. Austral. Math. Soc. Ser. A},
  volume	= {31},
  year		= {1981},
  pages		= {59--76}
}

@PhDThesis{	  klein:1984,
  author	= {Klein, I.},
  title		= {Zur {Spektraltheorie} positiver {Halbgruppen} auf
		  geordneten {Banachr{\"a}umen}},
  school	= {Universit{\"a}t T{\"u}bingen},
  year		= {1984}
}

@Article{	  kleinlandau:1975,
  author	= {Klein, A. and Landau, L. J.},
  title		= {Singular perturbations of positivity preserving semigroups
		  via path space techniques},
  journal	= {J. Funct. Anal.},
  volume	= {20},
  year		= {1975},
  pages		= {44--82}
}

@Article{	  komatsu:1969,
  author	= {Komatsu, H.},
  title		= {Fractional powers of operators {III}, {Negative} powers},
  journal	= {J. Math. Soc. Japan},
  volume	= {21},
  year		= {1969},
  pages		= {205--228}
}

@Article{	  konishi:1971,
  author	= {Konishi, Y.},
  title		= {Nonlinear semigroups in {Banach} lattices},
  journal	= {Proc. Japan Acad. Ser. A Math. Sci.},
  volume	= {47},
  year		= {1971},
  pages		= {24--28}
}

@Book{		  krasnoselskii:1964,
  author	= {Krasnosel'skii, M. A.},
  title		= {Positive Solutions of Operator Equations},
  publisher	= {Noordhoff},
  address	= {Groningen},
  year		= {1964}
}

@Book{		  krein:1971,
  author	= {Krein, S. G.},
  title		= {Linear Differential Equations in {Banach} Spaces},
  series	= {Translations of Mathematical Monographs},
  volume	= {29},
  publisher	= {American Mathematical Society},
  address	= {Providence, R.I.},
  year		= {1971}
}

@Article{	  kreinkhazan:1985,
  author	= {Krein, S. G. and Khazan, M. I.},
  title		= {Differential equations in a {Banach} space},
  journal	= {J. Soviet Math.},
  volume	= {30},
  year		= {1985},
  pages		= {2154--2239}
}

@TechReport{	  kreiss:1958,
  author	= {Kreiss, H. O.},
  title		= {{\"U}ber sachgem{\"a}sse {Cauchyprobleme} f{\"u}r
		  {Systeme} von linearen partiellen {Differentialgleichungen}},
  institution	= {Roy. Inst. Technol.},
  number	= {127},
  series	= {TRITA-NA},
  address	= {Stockholm},
  year		= {1958}
}

@Article{	  kreiss:1959,
  author	= {Kreiss, H. O.},
  title		= {{\"U}ber {Matrizen} die beschr{\"a}nkte {Halbgruppen}
		  erzeugen},
  journal	= {Math. Scand.},
  volume	= {7},
  year		= {1959},
  pages		= {71--80}
}

@Book{		  krengel:1985,
  author	= {Krengel, U.},
  title		= {Ergodic Theorems},
  publisher	= {de Gruyter},
  address	= {Berlin, New York},
  year		= {1985}
}

@Article{	  kubokawa:1975,
  author	= {Kubokawa, Y.},
  title		= {Ergodic theorems for contraction semigroups},
  journal	= {J. Math. Soc. Japan},
  volume	= {27},
  year		= {1975},
  pages		= {184--193}
}

@InProceedings{	  kuhn:1984,
  author	= {Kuhn, K.},
  title		= {Elliptische {Differentialoperatoren} als {Generatoren} auf
		  {C($\Omega$)}},
  booktitle	= {Semesterbericht Funktionalanalysis},
  address	= {T{\"u}bingen},
  year		= {1984},
  pages		= {125--142},
  note		= {Wintersemester 1984/1985}
}

@Article{	  kummerernagel:1979,
  author	= {K{\"u}mmerer, B. and Nagel, R.},
  title		= {Mean ergodic semigroups on {$W^*$}-algebras},
  journal	= {Acta Sci. Math.},
  volume	= {41},
  year		= {1979},
  pages		= {151--159}
}

@Article{	  kunischschappacher:1983,
  author	= {Kunisch, K. and Schappacher, W.},
  title		= {Necessary conditions for partial differential equations
		  with delay to generate {$C_0$}-semigroups},
  journal	= {J. Differential Equations},
  volume	= {50},
  year		= {1983},
  pages		= {49--79}
}

@InProceedings{	  kunita:1969,
  author	= {Kunita, H.},
  title		= {Sub-{Markov} semi-groups in {Banach} lattices},
  booktitle	= {Proceedings of the Conference on Functional Analysis and
		  Related Topics},
  pages		= {332--343},
  publisher	= {Tokyo Press},
  year		= {1969}
}

@Article{	  kurose:1981,
  author	= {Kurose, H.},
  title		= {An example of a non quasi well-behaved derivation on
		  {$C(I)$}},
  journal	= {J. Funct. Anal.},
  volume	= {43},
  year		= {1981},
  pages		= {193--201}
}

@Article{	  kurose:1982,
  author	= {Kurose, H.},
  title		= {On a closed derivation in {$C(I)$}},
  journal	= {Mem. Fac. Sci. Kyushu Univ. Ser. A Math.},
  volume	= {36},
  year		= {1982},
  pages		= {193--198}
}

@Article{	  kurose:1983,
  author	= {Kurose, H.},
  title		= {Closed derivations in {$C(I)$}},
  journal	= {Tohoku Math. J.},
  volume	= {35},
  year		= {1983},
  pages		= {341--347}
}

@Book{		  lamperti:1977,
  author	= {Lamperti, J.},
  title		= {Stochastic Processes},
  publisher	= {Springer},
  address	= {Berlin-Heidelberg-New York},
  year		= {1977}
}

@Article{	  leader:1954,
  author	= {Leader, S.},
  title		= {On the infinitesimal generators of a semigroups of
		  positive transformations with local character condition},
  journal	= {Proc. Amer. Math. Soc.},
  volume	= {5},
  year		= {1954},
  pages		= {401--406}
}

@Article{	  lin:1974,
  author	= {Lin, M.},
  title		= {On the uniform ergodic theorem {II}},
  journal	= {Proc. Amer. Math. Soc.},
  volume	= {46},
  year		= {1974},
  pages		= {217--225}
}

@Article{	  lin:1975,
  author	= {Lin, M.},
  title		= {Quasicompactness and uniform ergodicity of {Markov}
		  operators},
  journal	= {Ann. Inst. H. Poincar{\'e} Sect. B},
  volume	= {11},
  year		= {1975},
  pages		= {345--354}
}

@Article{	  lindblad:1976,
  author	= {Lindblad, G.},
  title		= {On the generators of quantum dynamical semigroups},
  journal	= {Comm. Math. Phys.},
  volume	= {48},
  year		= {1976},
  pages		= {119--130}
}

@Book{		  lindenstraustzafriri:1979,
  author	= {Lindenstrauss, J. and Tzafriri, L.},
  title		= {Classical {Banach} Spaces {II}, Function Spaces},
  publisher	= {Springer},
  address	= {Berlin-Heidelberg-New York},
  year		= {1979}
}

@Article{	  linetal:1977,
  author	= {Lin, M. and Montgomery, J. and Sine, R.},
  title		= {Change of velocity and ergodicity in flows and in {Markov}
		  semi-groups},
  journal	= {Z. Wahrsch. Verw. Gebiete},
  volume	= {39},
  year		= {1977},
  pages		= {197--211}
}

@Article{	  lotz:1981,
  author	= {Lotz, H. P.},
  title		= {Uniform ergodic theorems for {Markov} operators on
		  {$C(X)$}},
  journal	= {Math. Z.},
  volume	= {178},
  year		= {1981},
  pages		= {145--156}
}

@Unpublished{	  lotz:1982,
  author	= {Lotz, H. P.},
  title		= {Uniform convergence of operators on {$L^{\infty}$}},
  note		= {Semesterbericht Funktionalanalysis},
  address	= {T{\"u}bingen},
  year		= {1982}
}

@InCollection{	  lotz:1984,
  author	= {Lotz, H. P.},
  title		= {Tauberian theorems for operators on {$L^{\infty}$} and
		  similar spaces},
  booktitle	= {Functional Analysis, Surveys and Recent Results III},
  editor	= {Bierstedt, K. D. and Fuchssteiner, E.},
  publisher	= {North Holland},
  address	= {Amsterdam},
  year		= {1984}
}

@Article{	  lotz:1985,
  author	= {Lotz, H. P.},
  title		= {Uniform convergence of operators on {$L^{\infty}$} and
		  similar spaces},
  journal	= {Math. Z.},
  volume	= {190},
  year		= {1985},
  pages		= {207--220}
}

@InCollection{	  lotz:1986,
  author	= {Lotz, H. P.},
  title		= {Positive linear operators on {$L^p$} and the {Doeblin}
		  condition},
  booktitle	= {Aspects of Positivity in Functional Analysis},
  editor	= {Nagel, R. and Schlotterbeck, U. and Wolff, M. P. H.},
  publisher	= {North Holland},
  address	= {Amsterdam},
  year		= {1986}
}

@Article{	  lumer:1974a,
  author	= {Lumer, G.},
  title		= {Perturbations de g{\'e}n{\'e}rateurs infinit{\'e}simaux du
		  type ``changement de temps''},
  journal	= {Ann. Inst. Fourier (Grenoble)},
  volume	= {23},
  year		= {1974},
  pages		= {271--279}
}

@Article{	  lumer:1974b,
  author	= {Lumer, G.},
  title		= {Probl{\`e}me de {Cauchy} pour op{\'e}rateurs locaux et
		  ``changement de temps''},
  journal	= {Ann. Inst. Fourier (Grenoble)},
  volume	= {23},
  year		= {1974},
  pages		= {409--466}
}

@Article{	  lumerphillips:1961,
  author	= {Lumer, G. and Phillips, R. S.},
  title		= {Dissipative operators in a {Banach} space},
  journal	= {Pacific J. Math.},
  volume	= {11},
  year		= {1961},
  pages		= {679--698}
}

@Book{		  luxemburg:1979,
  author	= {Luxemburg, W. A. J.},
  title		= {Some Aspects of the Theory of {Riesz} Spaces},
  series	= {The University of Arkansas Lecture Notes in Mathematics},
  volume	= {4},
  address	= {Fayetteville},
  year		= {1979}
}

@Article{	  majewskirobinson:1983,
  author	= {Majewski, A. and Robinson, D. W.},
  title		= {Strictly positive and strongly positive semigroups},
  journal	= {J. Austral. Math. Soc. Ser. A},
  volume	= {34},
  year		= {1983},
  pages		= {36--48}
}

@Article{	  miller:1974,
  author	= {Miller, R. K.},
  title		= {Linear {Volterra} integro-differential equations as
		  semigroups},
  journal	= {Funkcial. Ekvac.},
  volume	= {17},
  year		= {1974},
  pages		= {39--55}
}

@Article{	  millerstrang:1966,
  author	= {Miller, J. and Strang, G.},
  title		= {Matrix theorems for partial differential and difference
		  equations},
  journal	= {Math. Scand.},
  volume	= {18},
  year		= {1966},
  pages		= {113--133}
}

@Article{	  milstein:1975,
  author	= {Mil'stein, G. N.},
  title		= {Exponential stability of positive semigroups in a linear
		  topological space {I},{II}},
  journal	= {Soviet Math.},
  volume	= {19},
  year		= {1975},
  pages		= {35--42, 51--61}
}

@Article{	  miyadera:1952,
  author	= {Miyadera, I.},
  title		= {Generation of a strongly continuous semigroup of
		  operators},
  journal	= {T{\^o}hoku Math. J.},
  volume	= {4},
  year		= {1952},
  pages		= {109--114}
}

@InCollection{	  miyajima:1986,
  author	= {Miyajima, S.},
  title		= {Generators of positive {$C_0$}-semigroups},
  booktitle	= {Aspects of Positivity in Functional Analysis},
  editor	= {Nagel, R. and Schlotterbeck, U. and Wolff, M. P. H.},
  publisher	= {North Holland},
  address	= {Amsterdam},
  year		= {1986}
}

@Unpublished{	  miyajimaokazawa:1984,
  author	= {Miyajima, S. and Okazawa, N.},
  title		= {Generators of positive {$C_0$}-semigroups on {Banach}
		  lattices},
  note		= {Preprint},
  year		= {1984}
}

@Book{		  montgomeryzippin:1955,
  author	= {Montgomery, D. and Zippin, L.},
  title		= {Topological Transformation Groups},
  publisher	= {Interscience Publishers},
  address	= {New York},
  year		= {1955}
}

@TechReport{	  moreau:1966,
  author	= {Moreau, J. J.},
  title		= {Fonctionelles convexes},
  institution	= {Coll{\`e}ge de France},
  type		= {S{\'e}minaire sur les {\'e}quations aux deriv{\'e}es
		  partielles},
  year		= {1966},
  note		= {1966--67}
}

@Article{	  nagel:1973,
  author	= {Nagel, R.},
  title		= {Mittelergodische {Halbgruppen} linearer {Operatoren}},
  journal	= {Ann. Inst. Fourier (Grenoble)},
  volume	= {23},
  year		= {1973},
  pages		= {75--87}
}

@TechReport{	  nagel:1983,
  author	= {Nagel, R.},
  title		= {Sobolev Spaces and Semigroups},
  institution	= {Universit{\"a}t T{\"u}bingen},
  type		= {Semesterbericht Funktionalanalysis},
  year		= {1983},
  pages		= {1--19},
  note		= {Sommersemester 1984}
}

@InCollection{	  nagel:1984,
  author	= {Nagel, R.},
  title		= {What can positivity do for stability?},
  booktitle	= {Functional Analysis, Surveys and Recent Results III},
  editor	= {Bierstedt, K. D. and Fuchssteiner, B.},
  publisher	= {North Holland},
  address	= {Amsterdam},
  year		= {1984}
}

@Article{	  nagel:1985,
  author	= {Nagel, R.},
  title		= {Well-posedness and positivity for systems of linear
		  evolution equations},
  journal	= {Conferenze del Seminario di Matematica dell'Universit{\`a}
		  di Bari},
  volume	= {203},
  year		= {1985},
  pages		= {1--29}
}

@Book{		  nageletal:1982,
  author	= {Nagel, R. and Derndinger, R. and Palm, G.},
  title		= {Ergodic Theory in the Functional Analytic Perspective},
  address	= {T{\"u}bingen},
  year		= {1982}
}

@Article{	  nageluhlig:1981,
  author	= {Nagel, R. and Uhlig, H.},
  title		= {An abstract {Kato} inequality for generators of positive
		  semigroups on {Banach} lattices},
  journal	= {J. Operator Theory},
  volume	= {6},
  year		= {1981},
  pages		= {113--123}
}

@Book{		  nakano:1950,
  author	= {Nakano, H.},
  title		= {Modern Spectral Theory},
  series	= {Tokyo Mathematical Book Series},
  volume	= {II},
  publisher	= {Maruzen Co.},
  address	= {Tokyo},
  year		= {1950}
}

@Article{	  neubrander:1984a,
  author	= {Neubrander, F.},
  title		= {Well-posedness of abstract {Cauchy} problems},
  journal	= {Semigroup Forum},
  volume	= {29},
  year		= {1984},
  pages		= {75--85}
}

@PhDThesis{	  neubrander:1984b,
  author	= {Neubrander, F.},
  title		= {Well-posedness of higher order abstract {Cauchy}
		  problems},
  school	= {Universit{\"a}t T{\"u}bingen},
  year		= {1984}
}

@Article{	  neubrander:1985a,
  author	= {Neubrander, F.},
  title		= {Laplace transform and asymptotic behavior of strongly
		  continuous semigroups},
  journal	= {Houston J. Math.},
  year		= {1985},
  note		= {To appear}
}

@InCollection{	  neubrander:1985b,
  author	= {Neubrander, F.},
  title		= {Asymptotic behavior of solutions of inhomogeneous abstract
		  {Cauchy} problems},
  booktitle	= {Proceedings of the Conference on Physical Mathematics and
		  Nonlinear Partial Differential Equations, Morgantown 1983},
  publisher	= {Marcel Dekker},
  year		= {1985},
  pages		= {157--173}
}

@Article{	  neubrander:1986,
  author	= {Neubrander, F.},
  title		= {Well-posedness of higher order abstract {Cauchy}
		  problems},
  journal	= {Trans. Amer. Math. Soc.},
  year		= {1986},
  note		= {To appear}
}

@Article{	  nussbaum:1984,
  author	= {Nussbaum, R. D.},
  title		= {Positive operators and elliptic eigenvalue problems},
  journal	= {Math. Z.},
  volume	= {186},
  year		= {1984},
  pages		= {247--264}
}

@Article{	  okazawa:1984,
  author	= {Okazawa, N.},
  title		= {An {$L^p$}-theory for {Schr{\"o}dinger} operators with
		  nonnegative potentials},
  journal	= {J. Math. Soc. Japan},
  volume	= {36},
  year		= {1984},
  pages		= {675--688}
}

@Article{	  olesenetal:1980,
  author	= {Olesen, D. and Pedersen, G. K. and Takesaki, M.},
  title		= {Ergodic actions of compact {Abelian} groups},
  journal	= {J. Operator Theory},
  volume	= {3},
  year		= {1980},
  pages		= {237--269}
}

@Article{	  oseledets:1984,
  author	= {Oseledets, V. I.},
  title		= {Completely positive linear maps, non {Hamiltonian}
		  evolution and quantum stochastic processes},
  journal	= {J. Soviet Math.},
  volume	= {25},
  year		= {1984},
  pages		= {1529--1557}
}

@Article{	  pazy:1968,
  author	= {Pazy, A.},
  title		= {On the differentiability and compactness of linear
		  operators},
  journal	= {J. Math. Mech.},
  volume	= {17},
  year		= {1968},
  pages		= {1131--1142}
}

@Book{		  pazy:1983,
  author	= {Pazy, A.},
  title		= {Semigroups of Linear Operators and Applications to Partial
		  Differential Equations},
  publisher	= {Springer},
  address	= {Berlin-Heidelberg-New York-Tokyo},
  year		= {1983}
}

@Book{		  pedersen:1979,
  author	= {Pedersen, G. K.},
  title		= {{C*}-Algebras and their Automorphism Groups},
  publisher	= {Academic Press},
  address	= {London, New York, San Francisco},
  year		= {1979}
}

@Article{	  peetre:1959,
  author	= {Peetre, J.},
  title		= {Une charact{\'e}risation abstraite des op{\'e}rateurs
		  diff{\'e}rentiels},
  journal	= {Math. Scand.},
  volume	= {7},
  year		= {1959},
  pages		= {211--218},
  note		= {Rectification {\`a} l'article pr{\'e}c{\'e}dent. Math.
		  Scand. 8 (1960), 116--120}
}

@Article{	  perron:1907,
  author	= {Perron, O.},
  title		= {Zur {Theorie} der {Matrices}},
  journal	= {Math. Ann.},
  volume	= {64},
  year		= {1907},
  pages		= {248--263}
}

@Article{	  phillips:1954,
  author	= {Phillips, R. S.},
  title		= {A note on the abstract {Cauchy} problem},
  journal	= {Proc. Nat. Acad. Sci. U.S.A.},
  volume	= {40},
  year		= {1954},
  pages		= {244--248}
}

@Article{	  phillips:1962,
  author	= {Phillips, R. S.},
  title		= {Semigroups of positive contraction operators},
  journal	= {Czechoslovak Math. J.},
  volume	= {12},
  year		= {1962},
  pages		= {294--313}
}

@Article{	  phillips:1974,
  author	= {Phillips, R. S.},
  title		= {Perturbation theory for semi-groups of linear operators},
  journal	= {Trans. Amer. Math. Soc.},
  volume	= {74},
  year		= {1974},
  pages		= {343--369}
}

@Article{	  picard:1972,
  author	= {Picard, C.},
  title		= {Op{\'e}rateurs {$\phi$}-accretifs et g{\'e}n{\'e}ration
		  des semi-groupes non lin{\'e}aires},
  journal	= {C. R. Acad. Sci. Paris S{\'e}r. I-Math.},
  volume	= {275},
  year		= {1972},
  pages		= {639--641}
}

@Book{		  pietsch:1978,
  author	= {Pietsch, A.},
  title		= {Operator Ideals},
  publisher	= {VEB Deutscher Verlag der Wissenschaften},
  address	= {Berlin},
  year		= {1978}
}

@Article{	  plant:1977,
  author	= {Plant, A. T.},
  title		= {Nonlinear semigroups of linear operators and applications
		  in {Banach} spaces},
  journal	= {J. Math. Anal. Appl.},
  volume	= {60},
  year		= {1977},
  pages		= {67--74}
}

@Book{		  protterweinberger:1967,
  author	= {Protter, M. H. and Weinberger, H. F.},
  title		= {Maximum Principles in Differential Equations},
  publisher	= {Springer},
  address	= {New York-Berlin-Heidelberg},
  year		= {1967}
}

@Article{	  pruess:1981,
  author	= {Pr{\"u}ss, J.},
  title		= {Equilibrium solutions of age-specific population dynamics
		  of several species},
  journal	= {J. Math. Biol.},
  volume	= {11},
  year		= {1981},
  pages		= {65--84}
}

@Article{	  pruess:1984,
  author	= {Pr{\"u}ss, J.},
  title		= {On the spectrum of {$C_0$}-semigroups},
  journal	= {Trans. Amer. Math. Soc.},
  volume	= {284},
  year		= {1984},
  pages		= {847--857}
}

@Article{	  raohengartner:1974,
  author	= {Rao, A. S. and Hengartner, W.},
  title		= {On the existence of a unique almost periodic solution of
		  an abstract differential equation},
  journal	= {J. London Math. Soc.},
  volume	= {8},
  year		= {1974},
  pages		= {577--581}
}

@Book{		  reedsimon:1975,
  author	= {Reed, M. and Simon, B.},
  title		= {Methods of Modern Mathematical Physics {II}. {Fourier}
		  Analysis, Self-Adjointness},
  publisher	= {Academic Press},
  address	= {New York},
  year		= {1975}
}

@Book{		  reedsimon:1978,
  author	= {Reed, M. and Simon, B.},
  title		= {Methods of Modern Mathematical Physics {IV}. Analysis of
		  Operators},
  publisher	= {Academic Press},
  address	= {New York},
  year		= {1978}
}

@Book{		  reedsimon:1979,
  author	= {Reed, M. and Simon, B.},
  title		= {Methods of Modern Mathematical Physics {III}. Scattering
		  Theory},
  publisher	= {Academic Press},
  address	= {New York},
  year		= {1979}
}

@Article{	  reich:1981,
  author	= {Reich, S.},
  title		= {A characterization of nonlinear {$\phi$}-accretive
		  operators},
  journal	= {Manuscripta Math.},
  volume	= {36},
  year		= {1981},
  pages		= {163--178}
}

@Article{	  robinson:1977,
  author	= {Robinson, D. W.},
  title		= {The approximation of flows},
  journal	= {J. Funct. Anal.},
  volume	= {24},
  year		= {1977},
  pages		= {280--290}
}

@Article{	  robinson:1982,
  author	= {Robinson, D. W.},
  title		= {Strongly positive semigroups and faithful invariant
		  states},
  journal	= {Comm. Math. Phys.},
  volume	= {85},
  year		= {1982},
  pages		= {129--142}
}

@Article{	  robinson:1983,
  author	= {Robinson, D. W.},
  title		= {Continuous semigroups on ordered {Banach} spaces},
  journal	= {J. Funct. Anal.},
  volume	= {51},
  year		= {1983},
  pages		= {268--284}
}

@Article{	  robinson:1984,
  author	= {Robinson, D. W.},
  title		= {On positive semigroups},
  journal	= {Publ. Res. Inst. Math. Sci.},
  volume	= {20},
  year		= {1984},
  pages		= {213--224}
}

@Unpublished{	  robinson:1985,
  author	= {Robinson, D. W.},
  title		= {Differential operators on {C*}-algebras},
  note		= {Preprint},
  address	= {Canberra},
  year		= {1985}
}

@Article{	  robinsonyamamuro:1983,
  author	= {Robinson, D. W. and Yamamuro, S.},
  title		= {The canonical half-norm, dual half-norms, and monotonic
		  norms},
  journal	= {T{\^o}hoku Math. J.},
  volume	= {35},
  year		= {1983},
  pages		= {375--386}
}

@Article{	  robinsonyamamuro:1984,
  author	= {Robinson, D. W. and Yamamuro, S.},
  title		= {Hereditary cones, order ideals and half-norms},
  journal	= {Pacific J. Math.},
  volume	= {110},
  year		= {1984},
  pages		= {335--343}
}

@Article{	  roth:1976,
  author	= {Roth, J. P.},
  title		= {Op{\'e}rateurs dissipatifs et semigroupes dans les espaces
		  de fonctions continues},
  journal	= {Ann. Inst. Fourier (Grenoble)},
  volume	= {26},
  year		= {1976},
  pages		= {1--97}
}

@InCollection{	  roth:1978,
  author	= {Roth, J. P.},
  title		= {Les operateurs elliptiques comme g{\'e}n{\'e}rateurs
		  infinit{\'e}simaux de semigroups de {Feller}},
  booktitle	= {S{\'e}minaire de Th{\'e}orie du Potential, Paris No. 3},
  editor	= {Hirsch, F. and Mokobodzki, G.},
  series	= {Lecture Notes in Mathematics},
  volume	= {681},
  pages		= {234--251},
  publisher	= {Springer},
  address	= {Berlin-Heidelberg-New York},
  year		= {1978}
}

@Article{	  sackersell:1978,
  author	= {Sacker, R. J. and Sell, G. R.},
  title		= {A spectral theory for linear differential systems},
  journal	= {J. Differential Equations},
  volume	= {27},
  year		= {1978},
  pages		= {320--358}
}

@Book{		  sakai:1971,
  author	= {Sakai, S.},
  title		= {{C*}-Algebras and {$W^*$}-Algebras},
  publisher	= {Springer},
  address	= {Berlin-Heidelberg-New York},
  year		= {1971}
}

@Article{	  sato:1968,
  author	= {Sato, K. I.},
  title		= {On the generators of non-negative contraction semigroups
		  in {Banach} lattices},
  journal	= {J. Math. Soc. Japan},
  volume	= {20},
  year		= {1968},
  pages		= {423--436}
}

@Article{	  sato:1970a,
  author	= {Sato, K. I.},
  title		= {On dispersive operators in {Banach} lattices},
  journal	= {Pacific J. Math.},
  volume	= {33},
  year		= {1970},
  pages		= {429--443}
}

@Article{	  sato:1970b,
  author	= {Sato, K. I.},
  title		= {Positive pseudo-resolvents in {Banach} lattices},
  journal	= {J. Fac. Sci. Univ. Tokyo Sect. I A Math.},
  volume	= {17},
  year		= {1970},
  pages		= {305--313}
}

@Article{	  sawashima:1964,
  author	= {Sawashima, I.},
  title		= {On spectral properties of some positive operators},
  journal	= {Natur. Sci. Rep. Ochanomizu Univ.},
  volume	= {15},
  year		= {1964},
  pages		= {53--64}
}

@Article{	  scarpellini:1974,
  author	= {Scarpellini, B.},
  title		= {On the spectra of certain semigroups},
  journal	= {Math. Ann.},
  volume	= {211},
  year		= {1974},
  pages		= {323--336}
}

@Book{		  schaefer:1966,
  author	= {Schaefer, H. H.},
  title		= {Topological Vector Spaces},
  year		= {1966},
  note		= {4th printing: New York-Heidelberg-Berlin: Springer 1980}
}

@Article{	  schaefer:1968,
  author	= {Schaefer, H. H.},
  title		= {Invariant ideals of positive operators in {C(X)}, {II}},
  journal	= {Illinois J. Math.},
  volume	= {12},
  year		= {1968},
  pages		= {525--538}
}

@Book{		  schaefer:1974,
  author	= {Schaefer, H. H.},
  title		= {Banach Lattices and Positive Operators},
  publisher	= {Springer},
  address	= {New York-Heidelberg-Berlin},
  year		= {1974}
}

@Article{	  schaefer:1980,
  author	= {Schaefer, H. H.},
  title		= {Ordnungsstrukturen in der {Operatorentheorie}},
  journal	= {Jahresber. Deutsch. Math.-Verein.},
  volume	= {82},
  year		= {1980},
  pages		= {33--50}
}

@InCollection{	  schaefer:1982,
  author	= {Schaefer, H. H.},
  title		= {Some recent results on positive groups and semi-groups},
  booktitle	= {From {A} to {Z}},
  subtitle	= {Proceedings of the Symposium in Honour of {A.C.}
		  {Zaanen}},
  editor	= {Huijsmans, C. R. and Kaashoek, M. A. and Luxemburg, W. A.
		  J. and Vietsch, W. K.},
  series	= {Mathematical Centre Tracts},
  volume	= {149},
  pages		= {69--79},
  publisher	= {Mathematical Centre},
  address	= {Amsterdam},
  year		= {1982}
}

@Unpublished{	  schaefer:1985,
  author	= {Schaefer, H. H.},
  title		= {Existence of spectral values for irreducible
		  {$C_0$}-semigroups},
  note		= {Preprint},
  address	= {T{\"u}bingen},
  year		= {1985}
}

@Article{	  schaeferetal:1978,
  author	= {Schaefer, H. H. and Wolff, M. P. H. and Arendt, W.},
  title		= {On lattice isomorphisms with positive real spectrum and
		  groups of positive operators},
  journal	= {Math. Z.},
  volume	= {164},
  year		= {1978},
  pages		= {115--123}
}

@Article{	  schep:1985,
  author	= {Schep, A. R.},
  title		= {Weak {Kato}-inequalities and positive semigroups},
  journal	= {Math. Z.},
  volume	= {190},
  year		= {1985},
  pages		= {305--314}
}

@Article{	  seever:1973,
  author	= {Seever, G. L.},
  title		= {Measures on {F}-spaces},
  journal	= {Trans. Amer. Math. Soc.},
  volume	= {133},
  year		= {1973},
  pages		= {267--280}
}

@Book{		  semadeni:1971,
  author	= {Semadeni, Z.},
  title		= {Banach Spaces of Continuous Functions},
  publisher	= {Polish Scientific Publishers},
  address	= {Warszawa},
  year		= {1971}
}

@Article{	  simon:1973,
  author	= {Simon, B.},
  title		= {Ergodic semigroups and positivity preserving self-adjoint
		  operators},
  journal	= {J. Funct. Anal.},
  volume	= {12},
  year		= {1973},
  pages		= {335--339}
}

@Article{	  simon:1977,
  author	= {Simon, B.},
  title		= {An abstract {Kato's} inequality for generators of
		  positivity preserving semigroups},
  journal	= {Indiana Univ. Math. J.},
  volume	= {26},
  year		= {1977},
  pages		= {1067--1073}
}

@Article{	  simon:1979,
  author	= {Simon, B.},
  title		= {{Kato's} inequality and the comparison of semigroups},
  journal	= {J. Funct. Anal.},
  volume	= {32},
  year		= {1979},
  pages		= {97--101}
}

@Article{	  simon:1982,
  author	= {Simon, B.},
  title		= {{Schr{\"o}dinger} semigroups},
  journal	= {Bull. Amer. Math. Soc.},
  volume	= {7},
  year		= {1982},
  pages		= {447--526}
}

@Article{	  slemrod:1976,
  author	= {Slemrod, M.},
  title		= {Asymptotic behavior of {$C_0$}-semigroups as determined by
		  the spectrum of the generator},
  journal	= {Indiana Univ. Math. J.},
  volume	= {25},
  year		= {1976},
  pages		= {783--892}
}

@Article{	  stern:1982,
  author	= {Stern, R. J.},
  title		= {A note on positively invariant cones},
  journal	= {Appl. Math. Optim.},
  volume	= {9},
  year		= {1982},
  pages		= {67--72}
}

@Article{	  stewart:1974,
  author	= {Stewart, H. B.},
  title		= {Generation of analytic semigroups by strongly elliptic
		  operators},
  journal	= {Trans. Amer. Math. Soc.},
  volume	= {199},
  year		= {1974},
  pages		= {141--162}
}

@Article{	  stormer:1972,
  author	= {St{\o}rmer, E.},
  title		= {On projection maps on von {Neumann} algebras},
  journal	= {Math. Scand.},
  volume	= {50},
  year		= {1972},
  pages		= {42--50}
}

@Book{		  takesaki:1979,
  author	= {Takesaki, M.},
  title		= {Theory of Operator Algebras {I}},
  publisher	= {Springer},
  address	= {New York-Heidelberg-Berlin},
  year		= {1979}
}

@Article{	  traviswebb:1974,
  author	= {Travis, C. and Webb, G. F.},
  title		= {Existence and stability for partial functional
		  differential equations},
  journal	= {Trans. Amer. Math. Soc.},
  volume	= {200},
  year		= {1974},
  pages		= {395--418}
}

@Article{	  triggiani:1975a,
  author	= {Triggiani, R.},
  title		= {Pathological asymptotic behavior of systems in {Banach}
		  spaces},
  journal	= {J. Math. Anal. Appl.},
  volume	= {49},
  year		= {1975},
  pages		= {411--429}
}

@Article{	  triggiani:1975b,
  author	= {Triggiani, R.},
  title		= {On the stabilizability problem in {Banach} spaces},
  journal	= {J. Math. Anal. Appl.},
  volume	= {52},
  year		= {1975},
  pages		= {383--403}
}

@InCollection{	  trotter:1974,
  author	= {Trotter, H. F.},
  title		= {Approximation and perturbation of semigroups},
  booktitle	= {Lineare Operatoren und Approximation {II}},
  subtitle	= {Proceedings on a Conference in Oberwolfach 1974},
  editor	= {Butzer and Sz.-Nagy},
  publisher	= {Birkh{\"a}user},
  year		= {1974}
}

@PhDThesis{	  uhlig:1979,
  author	= {Uhlig, H.},
  title		= {Derivationen und {Verbandshalbgruppen}},
  school	= {Universit{\"a}t T{\"u}bingen},
  year		= {1979}
}

@Article{	  vancasteren:1984,
  author	= {van Casteren, J.},
  title		= {Invariant subsets of strongly continuous semigroups},
  journal	= {Integral Equations and Operator Theory},
  volume	= {7},
  year		= {1984},
  pages		= {884-892}
}

@Book{		  vancasteren:1985,
  author	= {van Casteren, J.},
  title		= {Generators of Strongly Continuous Semigroups},
  publisher	= {Pitman},
  address	= {Boston-London-Melbourne},
  year		= {1985}
}

@Article{	  vidav:1970,
  author	= {Vidav, I.},
  title		= {Spectra of perturbed semigroups with applications to
		  transport theory},
  journal	= {J. Math. Anal. Appl.},
  volume	= {30},
  year		= {1970},
  pages		= {264--279}
}

@Article{	  villellabressan:1985,
  author	= {Villella-Bressan, R.},
  title		= {Functional equation of delay type in {$L^1$}-spaces},
  journal	= {Ann. Polon. Math.},
  volume	= {45},
  year		= {1985},
  pages		= {93--104}
}

@Article{	  voigt:1980,
  author	= {Voigt, J.},
  title		= {A perturbation theorem for the essential spectral radius
		  of strongly continuous semigroups},
  journal	= {Monatsh. Math.},
  volume	= {90},
  year		= {1980},
  pages		= {153--161}
}

@Article{	  voigt:1982,
  author	= {Voigt, J.},
  title		= {On the abszissa of convergence for the {Laplace} transform
		  of vector valued measures},
  journal	= {Arch. Math. (Basel)},
  volume	= {39},
  year		= {1982},
  pages		= {455--462}
}

@Article{	  voigt:1984a,
  author	= {Voigt, J.},
  title		= {Positivity in time dependent linear transport theory},
  journal	= {Acta Appl. Math.},
  volume	= {2},
  year		= {1984},
  pages		= {311--331}
}

@Article{	  voigt:1984b,
  author	= {Voigt, J.},
  title		= {Spectral properties of the neutron transport equations},
  journal	= {J. Math. Anal. Appl.},
  year		= {1984},
  note		= {To appear}
}

@Unpublished{	  voigt:1984c,
  author	= {Voigt, J.},
  title		= {Absorption semigroups, their generators and
		  {Schr{\"o}dinger} semigroups},
  note		= {Preprint},
  year		= {1984}
}

@Article{	  voigt:1984d,
  author	= {Voigt, J.},
  title		= {On substochastic {$C_0$}-semigroups and their generators},
  journal	= {Semesterbericht Funktionalanalysis},
  address	= {T{\"u}bingen},
  year		= {1984},
  pages		= {71--85},
  note		= {Wintersemester 1984/1985}
}

@Article{	  voigt:1985,
  author	= {Voigt, J.},
  title		= {Interpolation for positive {$C_0$}-semigroups on
		  {$L^p$}-spaces},
  journal	= {Math. Z.},
  volume	= {188},
  year		= {1985},
  pages		= {283--286}
}

@Article{	  watanabe:1982,
  author	= {Watanabe, S.},
  title		= {Asymptotic behaviour and eigenvalues of dynamical
		  semigroups on operator algebras},
  journal	= {J. Math. Anal. Appl.},
  volume	= {86},
  year		= {1982},
  pages		= {411--424}
}

@Article{	  webb:1977,
  author	= {Webb, G. F.},
  title		= {Volterra integral equations and nonlinear semigroups},
  journal	= {Nonlinear Analysis},
  volume	= {1},
  year		= {1977},
  pages		= {415--427}
}

@InCollection{	  webb:1984,
  author	= {Webb, G. F.},
  title		= {A semigroup approach to the {Sharpe-Lotka} theorem},
  booktitle	= {Infinitedimensional Systems},
  editor	= {Kappel, F. and Schappacher, W.},
  series	= {Lecture Notes in Mathematics},
  volume	= {1076},
  pages		= {254--268},
  publisher	= {Springer},
  address	= {Berlin-Heidelberg-New York},
  year		= {1984},
  note		= {Retzhof 1983}
}

@Book{		  webb:1985a,
  author	= {Webb, G. F.},
  title		= {Theory of Nonlinear Age-Dependent Population Dynamics},
  publisher	= {Marcel Dekker},
  address	= {New York},
  year		= {1985}
}

@Unpublished{	  webb:1985b,
  author	= {Webb, G. F.},
  title		= {An operator-theoretic formulation of asynchronous
		  exponential growth},
  note		= {Preprint},
  year		= {1985}
}

@Book{		  widder:1946,
  author	= {Widder, D. V.},
  title		= {The {Laplace} Transform},
  publisher	= {Princeton University Press},
  address	= {Princeton, N.J.},
  year		= {1946}
}

@Book{		  widder:1971,
  author	= {Widder, D. V.},
  title		= {An Introduction to Transform Theory},
  publisher	= {Academic Press},
  address	= {New York},
  year		= {1971}
}

@Article{	  wielandt:1950,
  author	= {Wielandt, H.},
  title		= {Unzerlegbare, nicht-negative {Matrizen}},
  journal	= {Math. Z.},
  volume	= {52},
  year		= {1950},
  pages		= {642--648}
}

@Article{	  winkler:1973,
  author	= {Winkler, W.},
  title		= {A note on continuous one-parameter zero-two law},
  journal	= {Ann. Prob.},
  volume	= {1},
  year		= {1973},
  pages		= {341--344}
}

@Article{	  wolff:1978,
  author	= {Wolff, M. P. H.},
  title		= {On {$C_0$}-semigroups of lattice homomorphisms on a
		  {Banach} lattice},
  journal	= {Math. Z.},
  volume	= {164},
  year		= {1978},
  pages		= {69--80}
}

@InCollection{	  wolff:1981,
  author	= {Wolff, M. P. H.},
  title		= {A remark on the spectral bound of the generator of a
		  semigroup of positive operators with application to
		  stability theory},
  booktitle	= {Functional Analysis and Approximation},
  editor	= {Butzer, P. L. and Sz.-Nagy, B. and G{\"o}rlich, E.},
  subtitle	= {Proceedings of the Conference in Oberwolfach 1980},
  pages		= {39--50},
  publisher	= {Birkh{\"a}user},
  address	= {Basel-Boston-Stuttgart},
  year		= {1981}
}

@Unpublished{	  yamanturo:1984,
  author	= {Yamanturo, S.},
  title		= {A note on positive semigroups},
  note		= {Preprint},
  address	= {Canberra},
  year		= {1984}
}

@Article{	  yamanturo:1985,
  author	= {Yamanturo, S.},
  title		= {Absolute values in orthogonally decomposable spaces},
  journal	= {Bull. Austral. Math. Soc.},
  volume	= {31},
  year		= {1985},
  pages		= {215--233}
}

@Article{	  yosida:1948,
  author	= {Yosida, K.},
  title		= {On the differentiability and representation of
		  one-parameter semi-groups of linear operators},
  journal	= {J. Math. Soc. Japan},
  volume	= {1},
  year		= {1948},
  pages		= {15--21}
}

@Book{		  yosida:1965,
  author	= {Yosida, K.},
  title		= {Functional Analysis},
  year		= {1965},
  note		= {6th printing: Berlin-Heidelberg-New York: Springer 1980}
}

@Article{	  yosidakakutani:1941,
  author	= {Yosida, K. and Kakutani, S.},
  title		= {Operator-theoretical treatment of {Markoff's} process and
		  mean ergodic theorem},
  journal	= {Ann. of Math.},
  volume	= {42},
  year		= {1941},
  pages		= {188--228}
}

@Book{		  zaanen:1983,
  author	= {Zaanen, A. C.},
  title		= {Riesz Spaces {II}},
  publisher	= {North Holland},
  address	= {Groningen},
  year		= {1983}
}

@Article{	  zabczyk:1975,
  author	= {Zabczyk, J.},
  title		= {A note on {$C_0$}-semigroups},
  journal	= {Bull. Acad. Polon. Sci.},
  volume	= {23},
  year		= {1975},
  pages		= {895--898}
}

@InCollection{	  zabczyk:1979,
  author	= {Zabczyk, J.},
  title		= {Stabilization of boundary control systems},
  booktitle	= {International Symposium on Systems Optimization and
		  Analysis 1978},
  series	= {Lecture Notes in Control Theory and Information},
  publisher	= {Springer},
  address	= {Berlin-Heidelberg-New York},
  year		= {1979}
}

@Book{		  zaidman:1979,
  author	= {Zaidman, S. D.},
  title		= {Abstract Differential Equations},
  publisher	= {Pitman},
  address	= {London},
  year		= {1979}
}
