@techreport{baraspierre:1985,
  author = {Baras, P. and Pierre, M.},
  title  = {Critère d'existence de solutions positives pour des équations semi-linéaires non monotones},
  type   = {Preprint},
  institution = {Nancy},
  year   = {1985}
}

@article{bart:1977,
  author  = {Bart, H.},
  title   = {Periodic strongly continuous semigroups},
  journal = {Annali di Matematica Pura ed Applicata},
  volume  = {115},
  year    = {1977},
  pages   = {311-318}
}

@article{batty:1978,
  author  = {Batty, C.J.K.},
  title   = {Dissipative mappings and well-behaved derivations},
  journal = {Journal of the London Mathematical Society},
  volume  = {18},
  year    = {1978},
  pages   = {527-533}
}

@article{batty:1981,
  author  = {Batty, C.J.K.},
  title   = {Derivations on compact spaces},
  journal = {Proceedings of the London Mathematical Society},
  volume  = {42},
  year    = {1981},
  pages   = {299-330}
}

@article{battydavies:1982,
  author  = {Batty, C.J.K. and Davies, E.B.},
  title   = {Positive semigroups and resolvents},
  journal = {Journal of Operator Theory},
  volume  = {10},
  year    = {1982},
  pages   = {357-363}
}

@article{battyrobinson:1984,
  author  = {Batty, C.J.K. and Robinson, D.W.},
  title   = {Positive one-parameter semigroups on ordered spaces},
  journal = {Acta Applicandae Mathematicae},
  volume  = {2},
  year    = {1984},
  pages   = {221-296}
}

@article{battyrobinson:1985,
  author  = {Batty, C.J.K. and Robinson, D.W.},
  title   = {The characterization of differential operators by locality: abstract derivations},
  journal = {Ergodic Theory and Dynamical Systems},
  volume  = {5},
  year    = {1985},
  pages   = {171-183}
}

@book{bauer:1966,
  author    = {Bauer, H.},
  title     = {Harmonische Räume und ihre Potentialtheorie},
  publisher = {Springer},
  address   = {Berlin-Heidelberg-New York},
  year      = {1966}
}

@article{beals:1972,
  author  = {Beals, R.},
  title   = {On the abstract {C}auchy problem},
  journal = {Journal of Functional Analysis},
  volume  = {10},
  year    = {1972},
  pages   = {281-299}
}

@book{bellenimorante:1979,
  author    = {Belleni-Morante, A.},
  title     = {Applied Semigroups and Evolution Equations},
  publisher = {Oxford University Press},
  address   = {Oxford},
  year      = {1979}
}

@book{bellmancooke:1963,
  author    = {Bellman, R. and Cooke, K.L.},
  title     = {Differential-Difference Equations},
  publisher = {Academic Press},
  address   = {London-New York},
  year      = {1963}
}

@article{belyisemenov:1975,
  author  = {Belyi, A.G. and Semenov, Y.A.},
  title   = {Kato's inequality and semigroup product-formulas},
  journal = {Functional Analysis and its Applications},
  volume  = {9},
  year    = {1975},
  pages   = {320-321}
}

@article{benchimol:1978a,
  author  = {Benchimol, C.D.},
  title   = {A note on weak stabilizability of contraction semigroups},
  journal = {SIAM Journal on Control and Optimization},
  volume  = {16},
  year    = {1978},
  pages   = {373-379}
}

@article{benchimol:1978b,
  author  = {Benchimol, C.D.},
  title   = {Feedback stabilizability in {H}ilbert spaces},
  journal = {Applied Mathematics and Optimization},
  volume  = {4},
  year    = {1978},
  pages   = {223-248}
}

@incollection{benilanpicard:1979,
  author    = {Benilan, P. and Picard, C.},
  title     = {Quelques aspects non lineaires du principe du maximum},
  booktitle = {Séminaire de Théorie du Potentiel},
  series    = {Lecture Notes in Mathematics},
  volume    = {713},
  publisher = {Springer},
  year      = {1979}
}

@book{bergforst:1975,
  author    = {Berg, C. and Forst, G.},
  title     = {Potential Theory on Locally Compact Abelian Groups},
  publisher = {Springer},
  address   = {Berlin-Heidelberg-New York},
  year      = {1975}
}

@article{bergercoburn:1970,
  author  = {Berger, C.A. and Coburn, L.A.},
  title   = {One-parameter semigroups of isometries},
  journal = {Bulletin of the American Mathematical Society},
  volume  = {76},
  year    = {1970},
  pages   = {1125-1129}
}

@article{beurling:1970,
  author  = {Beurling, A.},
  title   = {On analytic extensions of semigroups of operators},
  journal = {Journal of Functional Analysis},
  volume  = {6},
  year    = {1970},
  pages   = {387-400}
}

@article{beurlingdeny:1948,
  author  = {Beurling, A. and Deny, J.},
  title   = {Espaces de {D}irichlet {I}: {L}e cas élémentaire},
  journal = {Acta Mathematica},
  volume  = {99},
  year    = {1948},
  pages   = {203-224}
}

@article{diblasioetal:1983,
  author  = {Di Blasio, G. and Kunisch, K. and Sinestrari, E.},
  title   = {The solution operator for a partial differential equation with delay},
  journal = {Atti della Accademia Nazionale dei Lincei. Rendiconti. Classe di Scienze Fisiche, Matematiche e Naturali},
  volume  = {74},
  year    = {1983},
  pages   = {228-233}
}

@article{diblasioetal:1984,
  author  = {Di Blasio, G. and Kunisch, K. and Sinestrari, E.},
  title   = {Stability for abstract linear functional equations},
  journal = {Israel Journal of Mathematics},
  note    = {To appear},
  year    = {1984}
}

@article{bonyetal:1968,
  author  = {Bony, J.-M. and Courrège, P. and Priouret, P.},
  title   = {Semi-groups de {F}eller sur une variété à bord compact et problèmes aux limites intégro-différentiels du second ordre donnant lieu au principe du maximum},
  journal = {Annales de l'Institut Fourier},
  volume  = {18},
  year    = {1968},
  pages   = {369-521}
}

@book{bourbaki:1955,
  author    = {Bourbaki, N.},
  title     = {Éléments des Mathématiques, Intégration, Chapitre 5: Intégration des Mesures},
  publisher = {Hermann},
  address   = {Paris},
  year      = {1955}
}

@article{bourgain:1980,
  author  = {Bourgain, J.},
  title   = {Propriétés de relèvement et projections dans les espaces {$L^1/H_0^1$} et {$H^\infty$}},
  journal = {Comptes Rendus de l'Académie des Sciences Paris Série A-B},
  volume  = {291},
  year    = {1980},
  pages   = {607-609}
}

@article{boyadzhiev:1984,
  author  = {Boyadzhiev, H.N.},
  title   = {Characterization of the generators of {$C_0$} semigroups which leave a convex set invariant},
  journal = {Commentationes Mathematicae Universitatis Carolinae},
  volume  = {25},
  year    = {1984},
  pages   = {159-170}
}

@article{brattelietal:1983,
  author  = {Bratteli, O. and Digernes, T. and Robinson, D.W.},
  title   = {Positive semigroups on ordered {B}anach spaces},
  journal = {Journal of Operator Theory},
  volume  = {9},
  year    = {1983},
  pages   = {371-400}
}

@book{brattelijorgensen:1984,
  author    = {Bratteli, O. and Jorgensen, P.E.T.},
  title     = {Positive Semigroups of Operators and Applications},
  series    = {Acta Applicandae Mathematicae},
  volume    = {2},
  publisher = {Reidel},
  address   = {Dordrecht/Boston},
  year      = {1984},
  note      = {Special issue}
}

@article{brattelietal:1980,
  author  = {Bratteli, O. and Kishimoto, A. and Robinson, D.W.},
  title   = {Positivity and monotonicity properties of {$C_0$}-semigroups, {I}},
  journal = {Communications in Mathematical Physics},
  volume  = {75},
  year    = {1980},
  pages   = {67-84}
}

@article{brattelirobinson:1975,
  author  = {Bratteli, O. and Robinson, D.W.},
  title   = {Unbounded derivations of {C*}-algebras},
  journal = {Communications in Mathematical Physics},
  volume  = {42},
  year    = {1975},
  pages   = {253-268}
}

@book{brattelirobinson:1979,
  author    = {Bratteli, O. and Robinson, D.W.},
  title     = {Operator Algebras and Quantum Statistical Mechanics {I}},
  publisher = {Springer},
  address   = {New York-Heidelberg-Berlin},
  year      = {1979},
  note      = {Volume II published 1981}
}

@article{brattelirobinson:1981,
  author  = {Bratteli, O. and Robinson, D.W.},
  title   = {Positive {C*}-semigroups on {C*}-algebras},
  journal = {Mathematica Scandinavica},
  volume  = {49},
  year    = {1981},
  pages   = {259-274}
}