@article{ACM24,
  author = {W. Arendt and I. Chalendar and B. Moletsane},
  title = {Semigroups generated by multivalued operators and domain convergence for parabolic problems},
  journal = {Integral Equations Operator Theory},
  volume = {96},
  number = {4},
  pages = {Paper No. 32, 31 p.},
  year = {2024}
}

@article{AD25,
  author = {W. Arendt and D. Daners},
  title = {Semi-linear evolution equations via positive semigroups},
  journal = {Discrete Contin. Dyn. Syst. Ser. B},
  volume = {30},
  number = {5},
  pages = {1809--1841},
  year = {2025}
}

@article{AEG20,
  author = {W. Arendt and A.F.M. ter Elst and J. Glück},
  title = {Strict positivity for the principal eigenfunction of elliptic operators with various boundary conditions},
  journal = {Adv. Nonlinear Stud.},
  volume = {20},
  number = {3},
  pages = {633--650},
  year = {2020}
}

@article{AM12,
  author = {W. Arendt and R. Mazzeo},
  title = {Friedlander's eigenvalue inequalities and the {D}irichlet-to-{N}eumann semigroup},
  journal = {Commun. Pure Appl. Anal.},
  volume = {11},
  number = {6},
  pages = {2201--2212},
  year = {2012}
}

@incollection{Ar04,
  author = {W. Arendt},
  title = {Semigroups and evolution equations: functional calculus, regularity and kernel estimates},
  booktitle = {Evolutionary equations. Vol. I},
  pages = {1--85},
  series = {Handb. Differ. Equ.},
  publisher = {North-Holland},
  address = {Amsterdam},
  year = {2004}
}

@article{ArBa92,
  author = {W. Arendt and C.J.K. Batty},
  title = {L'holomorphie du semi-groupe engendré par le {L}aplacien de {D}irichlet sur ${C}(\overline{\Omega})$},
  journal = {C. R. Acad. Sci. Paris Sér. I Math.},
  volume = {315},
  number = {1},
  pages = {31--35},
  year = {1992}
}

@incollection{ArBe99,
  author = {W. Arendt and Ph. Bénilan},
  title = {Wiener regularity and heat semigroups on spaces of continuous functions},
  booktitle = {Progr. Nonlinear Differ. Equ. Appl.},
  volume = {35},
  publisher = {Birkhäuser},
  address = {Basel},
  year = {1999}
}

@article{AS14,
  author = {W. Arendt and R. Schätzle},
  title = {Semigroups generated by elliptic operators in non-divergence form on ${C}_{0}({\Omega})$},
  journal = {Ann. Sc. Norm. Super. Pisa Cl. Sci. (5)},
  volume = {13},
  number = {2},
  pages = {417--434},
  year = {2014}
}

@unpublished{AS25,
  author = {W. Arendt and R. Schätzle},
  title = {Semigroups generated by elliptic operators in non-divergence form on unbounded domains},
  note = {Preprint},
  year = {2025}
}

@article{AtA19a,
  author = {W. Arendt and A.F.M. ter Elst},
  title = {Operators with continuous kernels},
  journal = {Integral Equ.Oper.Theory},
  volume = {91},
  number = {5},
  pages = {Paper No. 45, 20 pp.},
  year = {2019}
}

@incollection{AtE19,
  author = {W. Arendt and A.F.M. ter Elst},
  title = {Kato's inequality},
  booktitle = {Analysis and operator theory},
  pages = {47--60},
  series = {Springer Optim. Appl.},
  volume = {146},
  publisher = {Springer},
  address = {Cham},
  year = {2019}
}

@article{AtE19b,
  author = {W. Arendt and A.F.M. ter Elst},
  title = {The {D}irichlet problem without maximum principle},
  journal = {Ann. Inst. {F}ourier (Grenoble)},
  volume = {69},
  number = {2},
  pages = {763--782},
  year = {2019}
}

@article{AtE20,
  author = {W. Arendt and A.F.M. ter Elst},
  title = {The {D}irichlet-to-{N}eumann operator on ${C}({\Omega})$},
  journal = {Ann. Sc. Norm. Super. Pisa Cl. Sci. (5)},
  volume = {20},
  number = {3},
  pages = {1169--1196},
  year = {2020}
}

@book{Au23,
  author = {W. Arendt and K. Urban},
  title = {{P}artial {D}ifferential {E}quations -- an {I}ntroduction to {A}nalytical and {N}umerical {M}ethods},
  series = {Graduate Texts in Mathematics},
  volume = {294},
  publisher = {Springer},
  address = {Heidelberg},
  year = {2023}
}

@article{Da00,
  author = {D. Daners},
  title = {Heat kernel estimates for operators with boundary conditions},
  journal = {Math. Nachr.},
  volume = {217},
  pages = {13--41},
  year = {2000}
}

@article{Da14,
  author = {D. Daners},
  title = {Non-positivity of the semigroup generated by the {D}irichlet-to-{N}eumann operator},
  journal = {Positivity},
  volume = {18},
  number = {2},
  pages = {235--256},
  year = {2014}
}

@article{DEK16,
  author = {D. Daners and J. Glück and J.B. Kennedy},
  title = {Eventually and asymptotically positive semigroups on {B}anach lattices},
  journal = {J. Differential Equations},
  volume = {261},
  number = {5},
  pages = {2607--2649},
  year = {2016}
}

@article{Dav09,
  author = {D. Davers},
  title = {Inverse positivity for general {R}obin problems on Lipschitz domains},
  journal = {Arch. Math. (Basel)},
  volume = {92},
  number = {1},
  pages = {57--69},
  year = {2009}
}

@article{DHP03,
  author = {R. Denk and M. Hieber and J. Prüss},
  title = {$\mathcal{R}$-boundedness, {F}ourier multipliers and problems of elliptic and parabolic type},
  journal = {Mem. Amer. Math. Soc.},
  volume = {166},
  number = {788},
  pages = {viii+114 pp.},
  year = {2003}
}

@article{En03,
  author = {K.-J. Engel},
  title = {The {L}aplacian on ${C}(\overline{\Omega})$ with generalized {W}entzell boundary conditions},
  journal = {Arch. Math.},
  volume = {81},
  pages = {548--558},
  year = {2003}
}

@article{Es94,
  author = {J. Escher},
  title = {The {D}irichlet-{N}eumann operator on continuous functions},
  journal = {Ann. Scuola Norm. Sup. Pisa Cl. Sci. (4)},
  volume = {21},
  pages = {235--266},
  year = {1994}
}

@book{GT83,
  author = {D. Gilbarg and N.S. Trudinger},
  title = {{E}lliptic {P}artial {D}ifferential {E}quations of {S}econd {O}rder},
  edition = {Second edition},
  publisher = {Springer},
  address = {Berlin},
  year = {1983}
}

@article{KU14,
  author = {K. Krupchyk and G. Uhlmann},
  title = {Uniqueness in an inverse boundary problem for a magnetic {S}chrödinger operator with a bounded magnetic potential},
  journal = {Comm. Math. Phys.},
  volume = {327},
  pages = {993--1009},
  year = {2014}
}

@book{Lu95,
  author = {A. Lunardi},
  title = {{A}nalytic {S}emigroups and {O}ptimal {R}egularity in {P}arabolic {P}roblems},
  publisher = {Birkhäuser},
  address = {Basel},
  year = {1995}
}

@article{Ni11,
  author = {R. Nittka},
  title = {Regularity of solutions of linear second order elliptic and parabolic boundary value problems on Lipschitz domains},
  journal = {J. Differential Equations},
  volume = {251},
  number = {4-5},
  pages = {860--880},
  year = {2011}
}

@article{tEO19,
  author = {A.F.M. ter Elst and E.M. Ouhabaz},
  title = {{A}nalyticity of the {D}irichlet-to-{N}eumann semigroup on continuous functions},
  journal = {J. Evol. Equ.},
  volume = {19},
  number = {1},
  pages = {21--31},
  year = {2019}
}