@Article{	  eberlein:1948,
  author	= {Eberlein, W.F.},
  journal	= {Trans. Amer. Math. Soc.},
  pages		= {217-240},
  title		= {Abstract ergodic theorems and weak almost periodic
		  functions},
  volume	= {67},
  year		= {1948}
}

@Article{	  elliot:1972,
  author	= {Elliot, G.},
  journal	= {J. Funct. Anal.},
  pages		= {204-206},
  title		= {Convergent sequences of finitely additive measures},
  volume	= {11},
  year		= {1972}
}

@Book{		  engelnagel:2006,
  author	= {Klaus-Jochen Engel AND Rainer Nagel},
  keywords	= {engel-nagel},
  publisher	= {Springer},
  series	= {Universitext UTX},
  title		= {A Short Course on Operator Semigroups},
  year		= {2006}
}

@Article{	  evans:1976,
  author	= {Evans, D.E.},
  journal	= {Math. Scand.},
  pages		= {80-82},
  title		= {On the spectrum of a one-parameter strongly continuous
		  representation},
  volume	= {39},
  year		= {1976}
}

@Article{	  evans:1977,
  author	= {Evans, D.E.},
  journal	= {Comm. Math. Phys.},
  pages		= {293-297},
  title		= {Irreducible quantum dynamical semigroups},
  volume	= {54},
  year		= {1977}
}

@Article{	  evans:1984,
  author	= {Evans, D.E.},
  journal	= {Acta Appl. Math.},
  pages		= {333-352},
  title		= {Quantum dynamical semigroups, symmetry groups, and
		  locality},
  volume	= {2},
  year		= {1984}
}

@Article{	  evanshancheolsen:1979,
  author	= {Evans, D.E. and Hanche-Olsen, H.},
  journal	= {J. Funct. Anal.},
  pages		= {207-212},
  title		= {The generators of positive semigroups},
  volume	= {32},
  year		= {1979}
}

@Article{	  fattorini:1969a,
  author	= {Fattorini, H.O.},
  journal	= {J. Differential Equations},
  pages		= {72-105},
  title		= {Ordinary differential equations in linear topological
		  spaces, {I}},
  volume	= {5},
  year		= {1969}
}

@Article{	  fattorini:1969b,
  author	= {Fattorini, H.O.},
  journal	= {J. Differential Equations},
  pages		= {50-70},
  title		= {Ordinary differential equations in linear topological
		  spaces, {II}},
  volume	= {6},
  year		= {1969}
}

@Book{		  fattorini:1983,
  address	= {Reading, Massachusetts},
  author	= {Fattorini, H.O.},
  publisher	= {Addison-Wesley},
  title		= {The {C}auchy {P}roblem},
  year		= {1983}
}

@Article{	  feller:1952,
  author	= {Feller, W.},
  journal	= {Ann. of Math.},
  pages		= {468-519},
  title		= {The parabolic differential equation and the associated
		  semigroups of transformations},
  volume	= {55},
  year		= {1952}
}

@Article{	  feller:1953a,
  author	= {Feller, W.},
  journal	= {Ann. of Math.},
  pages		= {166-174},
  title		= {On the generation of unbounded semigroups of bounded
		  linear operators},
  volume	= {58},
  year		= {1953}
}

@Article{	  feller:1953b,
  author	= {Feller, W.},
  journal	= {Ann. Soc. Math. Polon.},
  pages		= {85-94},
  title		= {On positivity preserving semigroups of transformations on
		  {$C[r_1,r_2]$}},
  volume	= {25},
  year		= {1953}
}

@Article{	  feller:1954a,
  author	= {Feller, W.},
  journal	= {Ann. of Math.},
  pages		= {417-436},
  title		= {The general diffusion operator of positivity preserving
		  semigroups in one dimension},
  volume	= {60},
  year		= {1954}
}

@Article{	  feller:1954b,
  author	= {Feller, W.},
  journal	= {Trans. Amer. Math. Soc.},
  pages		= {1-31},
  title		= {Diffusion processes in one dimension},
  volume	= {77},
  year		= {1954}
}

@Article{	  feller:1955,
  author	= {Feller, W.},
  journal	= {Ann. of Math.},
  pages		= {90-105},
  title		= {On second order differential operators},
  volume	= {61},
  year		= {1955}
}

@Article{	  feller:1956,
  author	= {Feller, W.},
  journal	= {Trans. Amer. Math. Soc.},
  pages		= {19-54},
  title		= {Boundaries induced by non-negative matrices},
  volume	= {83},
  year		= {1956}
}

@InCollection{	  feller:1957,
  address	= {New York},
  author	= {Feller, W.},
  booktitle	= {Applied Probability},
  pages		= {35-40},
  publisher	= {McGraw Hill},
  series	= {Proceedings of Symposia in Applied Mathematics},
  title		= {On boundaries defined by stochastic matrices},
  volume	= {7},
  year		= {1957}
}

@Article{	  feller:1959,
  author	= {Feller, W.},
  journal	= {Illinois J. Math.},
  pages		= {182-186},
  title		= {Differential operators with the positive maximum
		  property},
  volume	= {3},
  year		= {1959}
}

@Book{		  fisher:1983,
  address	= {New York},
  author	= {Fisher, S.D.},
  publisher	= {Wiley},
  title		= {Function Theory on Planar Domains},
  year		= {1983}
}

@Article{	  foias:1973,
  author	= {Foias, C.},
  journal	= {An. Univ. Timişoara Ser. Ştiinţe Mat.},
  pages		= {111-114},
  title		= {Sur une question de {M}. {R}eghis},
  volume	= {11},
  year		= {1973}
}

@Book{		  friedman:1969,
  title		= {Partial Differential Equations},
  author	= {Friedman, A.},
  year		= {1969},
  publisher	= {Holt, Rinehart and Winston}
}

@Article{	  frigerioverri:1982,
  author	= {Frigerio, A. and Verri, M.},
  journal	= {Math. Z.},
  pages		= {275-286},
  title		= {Long-time asymptotic properties of dynamical semigroups on
		  {$W^*$}-algebras},
  volume	= {180},
  year		= {1982}
}

@Article{	  frobenius:1909,
  author	= {Frobenius, G.},
  journal	= {Sitzungsber. Preuss. Akad. Wiss. Phys.-Math. Kl.},
  note		= {Earlier version appeared in 1908, pp. 471-476},
  pages		= {514-518},
  title		= {{\"U}ber {M}atrizen aus positiven {E}lementen},
  year		= {1909}
}

@Book{		  fukushima:1982,
  address	= {London},
  author	= {Fukushima, M.},
  publisher	= {North Holland},
  title		= {Dirichlet Forms and {M}arkov Processes},
  year		= {1980}
}

@Article{	  gearhart:1978,
  author	= {Gearhart, L.},
  journal	= {Trans. Amer. Math. Soc.},
  pages		= {385-394},
  title		= {Spectral theory for contraction semigroups on {H}ilbert
		  spaces},
  volume	= {236},
  year		= {1978}
}

@Book{		  gilbargtrudinger:1977,
  address	= {Berlin},
  author	= {Gilbarg, D. and Trudinger, N.S.},
  publisher	= {Springer},
  title		= {Elliptic Partial Differential Equations of Second Order},
  year		= {1977}
}

@Article{	  goldstein:1981,
  author	= {Goldstein, J.A.},
  journal	= {Integral Equations and Operator Theory},
  pages		= {350-365},
  title		= {Some developments in semigroups since {H}ille-{P}hillips},
  volume	= {4},
  year		= {1981}
}

@Book{		  goldstein:1985a,
  author	= {Goldstein, J.A.},
  publisher	= {Oxford University Press},
  title		= {Semigroups of Operators and Applications},
  year		= {1985}
}

@TechReport{	  goldstein:1985b,
  author	= {Goldstein, J.A.},
  institution	= {Tulane University},
  title		= {A (more-or-less) complete bibliography of semigroups of
		  operators through 1984},
  type		= {Preprints and Lecture Notes in Mathematics},
  year		= {1985}
}

@InCollection{	  goldstein:1986,
  address	= {Amsterdam},
  author	= {Goldstein, J.A.},
  booktitle	= {Aspects of Positivity in Functional Analysis},
  editor	= {Nagel, R. and Schlotterbeck, U. and Wolff, M.P.H.},
  publisher	= {North Holland},
  title		= {Asymptotics for bounded semigroups in {H}ilbert spaces},
  year		= {1986}
}

@Article{	  greiner:1981,
  author	= {Greiner, G.},
  journal	= {Math. Z.},
  pages		= {401-423},
  title		= {Zur {P}erron-{F}robenius {T}heorie stark stetiger
		  {H}albgruppen},
  volume	= {177},
  year		= {1981}
}

@Article{	  greiner:1982,
  author	= {Greiner, G.},
  journal	= {Sitzungsber. Heidelb. Akad. Wiss. Math.-Nat. Kl.},
  pages		= {55-80},
  title		= {Spektrum und {A}symptotik stark stetiger {H}albgruppen
		  positiver {O}peratoren},
  year		= {1982}
}

@TechReport{	  greiner:1984,
  author	= {Greiner, G.},
  institution	= {Universit{\"a}t T{\"u}bingen},
  note		= {Sommersemester 1984},
  pages		= {1-8},
  title		= {An irreducibility criterion for the linear transport
		  equation},
  type		= {Semesterbericht Funktionalanalysis},
  year		= {1984}
}

@InCollection{	  greiner:1984a,
  address	= {Berlin-Heidelberg-New York},
  author	= {Greiner, G.},
  booktitle	= {Infinite-dimensional Systems, Retzhof 1983},
  editor	= {Kappel, F. and Schappacher, W.},
  pages		= {86-100},
  publisher	= {Springer},
  series	= {Lecture Notes in Mathematics},
  title		= {A typical {P}erron-{F}robenius theorem with applications
		  to an age-dependent population equation},
  volume	= {1076},
  year		= {1984}
}

@Article{	  greiner:1984b,
  author	= {Greiner, G.},
  journal	= {Math. Z.},
  pages		= {167-177},
  title		= {Spectral properties and asymptotic behavior of the linear
		  transport equation},
  volume	= {185},
  year		= {1984}
}

@Article{	  greiner:1984c,
  author	= {Greiner, G.},
  journal	= {Quart. J. Math. Oxford},
  number	= {2},
  pages		= {37-47},
  title		= {A spectral decomposition of strongly continuous groups of
		  positive operators},
  volume	= {35},
  year		= {1984}
}

@TechReport{	  greiner:1984d,
  author	= {Greiner, G.},
  institution	= {Universit{\"a}t T{\"u}bingen},
  note		= {Sommersemester 1984},
  pages		= {1-8},
  title		= {An irreducibility criterion for the linear transport
		  equation},
  type		= {Semesterbericht Funktionalanalysis},
  year		= {1984}
}

@TechReport{	  greiner:1985,
  author	= {Greiner, G.},
  institution	= {Universit{\"a}t T{\"u}bingen},
  title		= {Some applications of {F}ejer's theorem to one-parameter
		  semigroups},
  type		= {Semesterbericht Funktionalanalysis},
  pages		= {33--49},
  year		= {1985}
}

@Article{	  greiner:1986,
  author	= {Greiner, G.},
  journal	= {Houston J. Math.},
  title		= {Perturbing the boundary conditions of a generator},
  volume	= {13},
  pages		= {213-229},
  year		= {1986}
}

@Article{	  greineretal:1981,
  author	= {Greiner, G. and Voigt, J. and Wolff, M.P.H.},
  journal	= {J. Operator Theory},
  pages		= {245-256},
  title		= {On the spectral bound of the generator of semigroups of
		  positive operators},
  volume	= {5},
  year		= {1981}
}

@Article{	  greinernagel:1982,
  author	= {Greiner, G. and Nagel, R.},
  journal	= {J. Math. Pures Appl.},
  pages		= {261-273},
  title		= {La loi ``zero ou deux'' et ses cons{\'e}quences pour le
		  comportement asymptotique des op{\'e}rateurs positifs},
  volume	= {9},
  year		= {1982}
}

@Article{	  greinernagel:1983,
  author	= {Greiner, G. and Nagel, R.},
  journal	= {Ann. Scuola Norm. Sup. Pisa},
  pages		= {257-262},
  title		= {On the stability of strongly continuous semigroups of
		  positive operators on {$L^2(\mu)$}},
  volume	= {10},
  year		= {1983}
}

@Article{	  greinervoigtwolff:1981,
  author	= {Greiner, G{\"u}nther and Voigt, J{\"u}rgen and Wolff,
		  Manfred},
  journal	= {J. Operator Theory},
  pages		= {245--256},
  title		= {On the spectral bound of the generator of semigroups of
		  positive operators},
  year		= {1981}
}

@Article{	  groh:1981,
  author	= {Groh, U.},
  date-modified	= {2025-02-16 10:02:51 +0100},
  journal	= {Math. Z.},
  pages		= {311-318},
  title		= {The peripheral point spectrum of {S}chwarz operators on
		  {$C^*$}-algebras},
  volume	= {176},
  year		= {1981}
}

@Article{	  groh:1982a,
  author	= {Groh, U.},
  date-modified	= {2025-02-16 10:02:51 +0100},
  journal	= {Linear Algebra Appl.},
  pages		= {213-222},
  title		= {Some observations on the spectra of positive operators on
		  finite dimensional {$C^*$}-algebras},
  volume	= {42},
  year		= {1982}
}

@TechReport{	  groh:1982b,
  author	= {Groh, U.},
  date-modified	= {2025-02-16 10:02:51 +0100},
  institution	= {Universit{\"a}t T{\"u}bingen},
  note		= {Sommersemester 1982},
  pages		= {15-25},
  title		= {Asymptotic behavior of dynamical systems on
		  {W*}-algebras},
  type		= {Semesterbericht Funktionalanalysis},
  year		= {1982}
}

@Article{	  groh:1984a,
  author	= {Groh, U.},
  date-modified	= {2025-02-16 10:02:51 +0100},
  journal	= {Israel J. Math.},
  pages		= {227-235},
  title		= {Uniformly ergodic maps on {$C^*$}-algebras},
  volume	= {47},
  year		= {1984}
}

@Article{	  groh:1984b,
  author	= {Groh, U.},
  date-modified	= {2025-02-16 10:02:51 +0100},
  journal	= {J. Operator Theory},
  pages		= {395-404},
  title		= {Uniform ergodic theorems for identity preserving {S}chwarz
		  maps on {W*}-algebras},
  volume	= {11},
  year		= {1984}
}

@Article{	  groh:1984c,
  author	= {Groh, U.},
  date-modified	= {2025-02-16 10:02:51 +0100},
  journal	= {Math. Japon.},
  pages		= {395-402},
  title		= {Spectrum and asymptotic behaviour of completely positive
		  maps on {$B(H)$}},
  volume	= {29},
  year		= {1984}
}

@Article{	  grohkuemmerer:1982,
  author	= {Ulrich Groh AND B. K{\"u}mmerer},
  doi		= {10.7146/math.scand.a-11959},
  journal	= {Math. Scand.},
  keywords	= {ulgr-k{\"u}mmerer},
  pages		= {269 - 285},
  title		= {Bibounded operators W$^{*}$-algebras},
  volume	= {50},
  year		= {1982}
}

@Article{	  grohneubrander:1981,
  author	= {Ulrich Groh AND F. Neubrander},
  journal	= {Math. Ann.},
  keywords	= {ulgr-neubrander},
  pages		= {509 - 516},
  title		= {Stabilit{\"a}t starkstetiger, positiver
		  Operatorhalbgruppen auf C$^{*}$-Algebren},
  volume	= {256},
  year		= {1981}
}

@Article{	  grothendieck:1953,
  author	= {Grothendieck, A.},
  journal	= {Canad. J. Math.},
  pages		= {129-173},
  title		= {Sur les applications lin{\'e}aires faiblement compactes
		  d'espaces du type {$C(K)$}},
  volume	= {5},
  year		= {1953}
}

@Article{	  gustafsenlumer:1972,
  author	= {Gustafson, K. and Lumer, G.},
  journal	= {Pacific J. Math.},
  pages		= {731-742},
  title		= {Multiplicative perturbation of semigroup generators},
  volume	= {41},
  year		= {1972}
}

@Article{	  gyllenbergheijmans:1987,
  author	= {Gyllenberg, M. and Heijmans, H. J. A. M.},
  title		= {An Abstract Delay-Differential Equation Modelling Size
		  Dependent Cell Growth and Division},
  journal	= {SIAM J. Math. Anal.},
  volume	= {18},
  number	= {1},
  pages		= {74-88},
  year		= {1987}
}

@InCollection{	  hadeler:1978,
  address	= {Berlin-Heidelberg-New York},
  author	= {Hadeler, K.-P.},
  booktitle	= {Functional Differential Equations and Approximation of
		  Fixed Points},
  editor	= {Peitgen, H.-O. and Walther, H.-O.},
  pages		= {136--156},
  publisher	= {Springer},
  series	= {Lecture Notes in Mathematics},
  title		= {Delay-equations in biology},
  volume	= {730},
  year		= {1978}
}

@Book{		  hale:1977,
  address	= {New York-Heidelberg-Berlin},
  author	= {Hale, J.},
  publisher	= {Springer},
  title		= {Theory of Functional Differential Equations},
  year		= {1977}
}

@Article{	  hamel:1905,
  author	= {Hamel, G.},
  journal	= {Math. Ann.},
  pages		= {459--462},
  title		= {Eine Basis aller Zahlen und die unstetigen L{\"o}sungen
		  der Funktionalgleichung: {$f(x+y)=f(x)+f(y)$}},
  volume	= {60},
  year		= {1905}
}

@Article{	  hasegawa:1966,
  author	= {Hasegawa, M.},
  journal	= {J. Math. Soc. Japan},
  pages		= {290--302},
  title		= {On contraction semigroups and (di)-operators},
  volume	= {18},
  year		= {1966}
}

@Article{	  heijmans:1985a,
  author	= {Heijmans, H. J. A. M.},
  journal	= {Math. Z.},
  pages		= {599--617},
  title		= {Structured populations, linear semigroups and positivity},
  volume	= {191},
  year		= {1986}
}

@Article{	  heijmans:1985b,
  author	= {Heijmans, H. J. A. M.},
  journal	= {J. Math. Anal. Appl.},
  pages		= {253--280},
  title		= {An eigenvalue problem related to cell growth},
  volume	= {111},
  year		= {1985}
}

@InProceedings{	  heijmans:1986,
  title		= {The dynamical behaviour of the age-size-distribution of a
		  cell population},
  author	= {Heijmans, Henk},
  pages		= {185--202},
  booktitle	= {The Dynamics of Physiologically Structured Populations
		  1983 (0)},
  year		= {1986},
  month		= {jan}
}

@Unpublished{	  hempelvoigt:1985,
  address	= {M{\"u}nchen},
  author	= {Hempel, R. and Voigt, J.},
  note		= {Preprint},
  title		= {The spectrum of a {Schr\"odinger} operator in {$L_p(R^v)$}
		  is $p$-independent},
  year		= {1985}
}

@Article{	  herbst:1982,
  author	= {Herbst, I. W.},
  journal	= {J. Operator Theory},
  pages		= {61--78},
  title		= {Contraction semigroups and the spectrum of {$A_1 \otimes I
		  + I \otimes A_2$}},
  volume	= {7},
  year		= {1982}
}

@Article{	  herbst:1983,
  author	= {Herbst, I. W.},
  journal	= {J. Operator Theory},
  pages		= {87--94},
  title		= {The spectrum of {Hilbert} space semigroups},
  volume	= {10},
  year		= {1983}
}

@Article{	  herbstsloan:1978,
  author	= {Herbst, I. W. and Sloan, A. D.},
  journal	= {Trans. Amer. Math. Soc.},
  pages		= {325--360},
  title		= {Perturbation of translation invariant positivity
		  preserving semigroups on {$L^2(\mathbb{R}^k)$}},
  volume	= {236},
  year		= {1978}
}

@Article{	  hessetal:1977,
  author	= {Hess, H. and Schrader, R. and Uhlenbrock, D. A.},
  journal	= {Duke Math. J.},
  pages		= {893--904},
  title		= {Domination of semigroups and generalization of {Kato's}
		  inequality},
  volume	= {44},
  year		= {1977}
}

@Article{	  hesskato:1980,
  author	= {Hess, H. and Kato, T.},
  journal	= {Comm. Partial Differential Equations},
  pages		= {999--1030},
  title		= {On some linear and nonlinear eigenvalue problems with an
		  infinite weight function},
  volume	= {5},
  year		= {1980}
}

@Book{		  hewittross:1963,
  address	= {Berlin-Heidelberg-New York},
  author	= {Hewitt, E. and Ross, K. A.},
  publisher	= {Springer},
  title		= {Abstract Harmonic Analysis {I}},
  year		= {1963}
}

@Article{	  hiai:1978,
  author	= {Hiai, F.},
  journal	= {Kodai Math. J.},
  pages		= {376--393},
  title		= {Weakly mixing properties of semigroups of linear
		  operators},
  volume	= {1},
  year		= {1978}
}

@Book{		  hille:1948,
  address	= {Providence, R.I.},
  author	= {Hille, E.},
  publisher	= {American Mathematical Society},
  series	= {Colloquium Publications},
  title		= {Functional Analysis and Semigroups},
  volume	= {31},
  year		= {1948}
}

@Article{	  hille:1952,
  author	= {Hille, E.},
  journal	= {Ann. Inst. Fourier (Grenoble)},
  pages		= {31--48},
  title		= {Une g{\'e}n{\'e}ralisation du probl{\`e}me de {Cauchy}},
  volume	= {4},
  year		= {1952}
}

@Book{		  hillephillips:1957,
  address	= {Providence, R.I.},
  author	= {Hille, E. and Phillips, R. S.},
  publisher	= {American Mathematical Society},
  series	= {Colloquium Publications},
  title		= {Functional Analysis and Semigroups},
  volume	= {31},
  year		= {1957}
}

@Book{		  hirschsmale:1974,
  address	= {New York},
  author	= {Hirsch, M. W. and Smale, S.},
  publisher	= {Academic Press},
  title		= {Differential Equations, Dynamical Systems and Linear
		  Algebra},
  year		= {1974}
}

@Article{	  howland:1984,
  author	= {Howland, J. S.},
  journal	= {Integral Equations and Operator Theory},
  pages		= {138--142},
  title		= {On a theorem of {Gearhart}},
  volume	= {7},
  year		= {1984}
}

