@InCollection{	  jacobs:1972,
  address	= {Berlin-Heidelberg-New York},
  author	= {Jacobs, K.},
  booktitle	= {Selecta Mathematica},
  pages		= {57--93},
  publisher	= {Springer},
  title		= {Gleichverteilung mod 1},
  volume	= {IV},
  year		= {1972}
}

@Book{		  jameson:1974,
  address	= {London},
  author	= {Jameson, G. J. O.},
  publisher	= {Chapman and Hall},
  title		= {Topology and Normed Spaces},
  year		= {1974}
}

@Unpublished{	  jorgensen:1980,
  author	= {Jorgensen, P. T.},
  institution	= {Aarhus Universitet},
  note		= {Preprint},
  title		= {Monotone convergence of operators semigroups and the
		  dynamics of infinite particle systems},
  year		= {1980}
}

@PhDThesis{	  junghenn:1971,
  author	= {Junghenn, H. D.},
  school	= {The George Washington University},
  title		= {Almost periodic compactifications and applications to one
		  parameter semigroups},
  year		= {1971}
}

@Article{	  kamke:1932,
  author	= {Kamke, E.},
  journal	= {Math. Z.},
  title		= {Über die partielle Differentialgleichung},
  volume	= {41},
  pages		= {56--66},
  year		= {1932}
}

@Book{		  kaperetal:1983a,
  address	= {Basel},
  author	= {Kaper, H. G. and Lekkerkerker, C. G. and Hejtmanek, J.},
  publisher	= {Birkh{\"a}user},
  title		= {Spectral Methods in Linear Transport Theory},
  year		= {1982}
}

@Unpublished{	  kaperetal:1983b,
  author	= {Kaper, H. G. and Lekkerkerker, C. G. and Hejtmanek, J.},
  institution	= {Argonne National Laboratory},
  note		= {Preprint},
  title		= {Recent progress on the reactor problem of linear transport
		  theory},
  year		= {1983}
}

@Article{	  karlin:1959,
  author	= {Karlin, S.},
  journal	= {J. Math. Mech.},
  pages		= {907--937},
  title		= {Positive operators},
  volume	= {8},
  year		= {1959}
}

@Book{		  kato:1966,
  author	= {Kato, T.},
  note		= {2nd printing: Berlin-Heidelberg-New York: Springer 1976},
  title		= {Perturbation Theory for Linear Operators},
  publisher	= {Springer},
  year		= {1966}
}

@Article{	  kato:1973,
  author	= {Kato, T.},
  journal	= {Israel J. Math.},
  pages		= {135--148},
  title		= {Schr{\"o}dinger operators with singular potentials},
  volume	= {13},
  year		= {1973}
}

@Book{		  kato:1976,
  author	= {Kato, T.},
  note		= {2nd printing: Berlin-Heidelberg-New York: Springer 1976},
  title		= {Perturbation Theory for Linear Operators},
  publisher	= {Springer},
  year		= {1966}
}

@Article{	  kato:1982,
  author	= {Kato, T.},
  journal	= {Math. Z.},
  pages		= {265--273},
  title		= {Superconvexity of the spectral radius, and convexity of
		  the spectral bound and the type},
  volume	= {180},
  year		= {1982}
}

@InCollection{	  kato:1986,
  address	= {Amsterdam},
  author	= {Kato, T.},
  booktitle	= {Aspects of Positivity in Functional Analysis},
  editor	= {Nagel, R. and Schlotterbeck, U. and Wolff, M. P. H.},
  publisher	= {North Holland},
  title		= {{$L^p$}-Theory of {Schr{\"o}dinger} operators with a
		  singular potential},
  year		= {1986}
}

@Article{	  katznelsontzafriri:1984,
  author	= {Katznelson, Y. and Tzafriri, L.},
  title		= {On power bounded operators},
  journal	= {J. Funct. Anal.},
  volume	= {68},
  number	= {3},
  pages		= {313-328},
  year		= {1986}
}

@PhDThesis{	  kerscher:1986,
  author	= {Kerscher, W.},
  school	= {Universit{\"a}t T{\"u}bingen},
  title		= {Retardierte {Cauchy} {Probleme}: {Ordnungseigenschaften}
		  und {Stabilit{\"a}t} unabh{\"a}ngig von der
		  {Verz{\"o}gerung}},
  year		= {1986}
}

@Article{	  kerschernagel:1984,
  author	= {Kerscher, W. and Nagel, R.},
  journal	= {Acta Appl. Math.},
  pages		= {297--309},
  title		= {Asymptotic behavior of one-parameter semigroups of
		  positive operators},
  volume	= {2},
  year		= {1984}
}

@Article{	  kipnis:1974,
  author	= {Kipnis, C.},
  journal	= {Ann. Inst. H. Poincaré Sect. B},
  pages		= {369--384},
  title		= {Majoration des semi-groupes de contractions de {$L^1$} et
		  applications},
  volume	= {10},
  year		= {1974}
}

@Article{	  kishimotorobinson:1980,
  author	= {Kishimoto, A. and Robinson, D. W.},
  journal	= {Comm. Math. Phys.},
  pages		= {85--101},
  title		= {Positivity and monotonicity properties of
		  {$C_0$}-semigroups, {II}},
  volume	= {75},
  year		= {1980}
}

@Article{	  kishimotorobinson:1981,
  author	= {Kishimoto, A. and Robinson, D. W.},
  journal	= {J. Austral. Math. Soc. Ser. A},
  pages		= {59--76},
  title		= {Subordinate semigroups and order properties},
  volume	= {31},
  year		= {1981}
}

@PhDThesis{	  klein:1984,
  author	= {Klein, I.},
  school	= {Universit{\"a}t T{\"u}bingen},
  title		= {Zur {Spektraltheorie} positiver {Halbgruppen} auf
		  geordneten {Banachr{\"a}umen}},
  year		= {1984}
}

@Article{	  kleinlandau:1975,
  author	= {Klein, A. and Landau, L. J.},
  journal	= {J. Funct. Anal.},
  pages		= {44--82},
  title		= {Singular perturbations of positivity preserving semigroups
		  via path space techniques},
  volume	= {20},
  year		= {1975}
}

@Article{	  komatsu:1969,
  author	= {Komatsu, H.},
  journal	= {J. Math. Soc. Japan},
  pages		= {205--228},
  title		= {Fractional powers of operators {III}, {Negative} powers},
  volume	= {21},
  year		= {1969}
}

@Article{	  konishi:1971,
  author	= {Konishi, Y.},
  journal	= {Proc. Japan Acad. Ser. A Math. Sci.},
  pages		= {24--28},
  title		= {Nonlinear semigroups in {Banach} lattices},
  volume	= {47},
  year		= {1971}
}

@Book{		  krasnoselskii:1964,
  address	= {Groningen},
  author	= {Krasnosel'skii, M. A.},
  publisher	= {Noordhoff},
  title		= {Positive Solutions of Operator Equations},
  year		= {1964}
}

@Book{		  krein:1971,
  address	= {Providence, R.I.},
  author	= {Krein, S. G.},
  publisher	= {American Mathematical Society},
  series	= {Translations of Mathematical Monographs},
  title		= {Linear Differential Equations in {Banach} Spaces},
  volume	= {29},
  year		= {1971}
}

@Article{	  kreinkhazan:1985,
  author	= {Krein, S. G. and Khazan, M. I.},
  journal	= {J. Soviet Math.},
  pages		= {2154--2239},
  title		= {Differential equations in a {Banach} space},
  volume	= {30},
  year		= {1985}
}

@TechReport{	  kreiss:1958,
  address	= {Stockholm},
  author	= {Kreiss, H. O.},
  institution	= {Roy. Inst. Technol.},
  number	= {127},
  series	= {TRITA-NA},
  title		= {{\"U}ber sachgem{\"a}sse {Cauchyprobleme} f{\"u}r
		  {Systeme} von linearen partiellen {Differentialgleichungen}},
  year		= {1958}
}

@Article{	  kreiss:1959,
  author	= {Kreiss, H. O.},
  journal	= {Math. Scand.},
  pages		= {71--80},
  title		= {{\"U}ber {Matrizen} die beschr{\"a}nkte {Halbgruppen}
		  erzeugen},
  volume	= {7},
  year		= {1959}
}

@Book{		  krengel:1985,
  address	= {Berlin, New York},
  author	= {Krengel, U.},
  publisher	= {de Gruyter},
  title		= {Ergodic Theorems},
  year		= {1985}
}

@Article{	  kubokawa:1975,
  author	= {Kubokawa, Y.},
  journal	= {J. Math. Soc. Japan},
  pages		= {184--193},
  title		= {Ergodic theorems for contraction semigroups},
  volume	= {27},
  year		= {1975}
}

@InProceedings{	  kuhn:1984,
  address	= {T{\"u}bingen},
  author	= {Kuhn, K.},
  booktitle	= {Semesterbericht Funktionalanalysis},
  note		= {Wintersemester 1984/1985},
  pages		= {125--142},
  title		= {Elliptische {Differentialoperatoren} als {Generatoren} auf
		  {C($\Omega$)}},
  year		= {1984}
}

@Article{	  kummerernagel:1979,
  author	= {K{\"u}mmerer, B. and Nagel, R.},
  journal	= {Acta Sci. Math.},
  pages		= {151--159},
  title		= {Mean ergodic semigroups on {$W^*$}-algebras},
  volume	= {41},
  year		= {1979}
}

@Article{	  kunischschappacher:1983,
  author	= {Kunisch, K. and Schappacher, W.},
  journal	= {J. Differential Equations},
  pages		= {49--79},
  title		= {Necessary conditions for partial differential equations
		  with delay to generate {$C_0$}-semigroups},
  volume	= {50},
  year		= {1983}
}

@InProceedings{	  kunita:1969,
  author	= {Kunita, H.},
  booktitle	= {Proceedings of the Conference on Functional Analysis and
		  Related Topics},
  pages		= {332--343},
  publisher	= {Tokyo Press},
  title		= {Sub-{Markov} semi-groups in {Banach} lattices},
  year		= {1969}
}

@Article{	  kurose:1981,
  author	= {Kurose, H.},
  journal	= {J. Funct. Anal.},
  pages		= {193--201},
  title		= {An example of a non quasi well-behaved derivation on
		  {$C(I)$}},
  volume	= {43},
  year		= {1981}
}

@Article{	  kurose:1982,
  author	= {Kurose, H.},
  journal	= {Mem. Fac. Sci. Kyushu Univ. Ser. A Math.},
  pages		= {193--198},
  title		= {On a closed derivation in {$C(I)$}},
  volume	= {36},
  year		= {1982}
}

@Article{	  kurose:1983,
  author	= {Kurose, H.},
  journal	= {Tohoku Math. J.},
  pages		= {341--347},
  title		= {Closed derivations in {$C(I)$}},
  volume	= {35},
  year		= {1983}
}

@Book{		  lamperti:1977,
  address	= {Berlin-Heidelberg-New York},
  author	= {Lamperti, J.},
  publisher	= {Springer},
  title		= {Stochastic Processes},
  year		= {1977}
}

@Article{	  leader:1954,
  author	= {Leader, S.},
  journal	= {Proc. Amer. Math. Soc.},
  pages		= {401--406},
  title		= {On the infinitesimal generators of a semigroups of
		  positive transformations with local character condition},
  volume	= {5},
  year		= {1954}
}

@Article{	  lin:1974,
  author	= {Lin, M.},
  journal	= {Proc. Amer. Math. Soc.},
  pages		= {217--225},
  title		= {On the uniform ergodic theorem {II}},
  volume	= {46},
  year		= {1974}
}

@Article{	  lin:1975,
  author	= {Lin, M.},
  journal	= {Ann. Inst. H. Poincaré Sect. B},
  pages		= {345--354},
  title		= {Quasicompactness and uniform ergodicity of {Markov}
		  operators},
  volume	= {11},
  year		= {1975}
}

@Article{	  lin:1983,
  author	= {Lin, M.},
  journal	= {Proc. Amer. Math. Soc.},
  pages		= {217--225},
  title		= {On the uniform ergodic theorem {II}},
  volume	= {46},
  year		= {1974}
}

@Article{	  lindblad:1976,
  author	= {Lindblad, G.},
  journal	= {Comm. Math. Phys.},
  pages		= {119--130},
  title		= {On the generators of quantum dynamical semigroups},
  volume	= {48},
  year		= {1976}
}

@Book{		  lindenstraustzafriri:1979,
  address	= {Berlin-Heidelberg-New York},
  author	= {Lindenstrauss, J. and Tzafriri, L.},
  publisher	= {Springer},
  title		= {Classical {Banach} Spaces {II}, Function Spaces},
  year		= {1979}
}

@Article{	  linetal:1977,
  author	= {Lin, M. and Montgomery, J. and Sine, R.},
  journal	= {Z. Wahrsch. Verw. Gebiete},
  pages		= {197--211},
  title		= {Change of velocity and ergodicity in flows and in {Markov}
		  semi-groups},
  volume	= {39},
  year		= {1977}
}

@Article{	  lotz:1981,
  author	= {Lotz, H. P.},
  journal	= {Math. Z.},
  pages		= {145--156},
  title		= {Uniform ergodic theorems for {Markov} operators on
		  {$C(X)$}},
  volume	= {178},
  year		= {1981}
}

@Unpublished{	  lotz:1982,
  address	= {T{\"u}bingen},
  author	= {Lotz, H. P.},
  note		= {Semesterbericht Funktionalanalysis},
  title		= {Uniform convergence of operators on {$L^{\infty}$}},
  year		= {1982}
}

@InCollection{	  lotz:1984,
  address	= {Amsterdam},
  author	= {Lotz, H. P.},
  booktitle	= {Functional Analysis, Surveys and Recent Results III},
  editor	= {Bierstedt, K. D. and Fuchssteiner, E.},
  publisher	= {North Holland},
  title		= {Tauberian theorems for operators on {$L^{\infty}$} and
		  similar spaces},
  year		= {1984}
}

@Article{	  lotz:1985,
  author	= {Lotz, H. P.},
  journal	= {Math. Z.},
  pages		= {207--220},
  title		= {Uniform convergence of operators on {$L^{\infty}$} and
		  similar spaces},
  volume	= {190},
  year		= {1985}
}

@InCollection{	  lotz:1986,
  address	= {Amsterdam},
  author	= {Lotz, H. P.},
  booktitle	= {Aspects of Positivity in Functional Analysis},
  editor	= {Nagel, R. and Schlotterbeck, U. and Wolff, M. P. H.},
  publisher	= {North Holland},
  title		= {Positive linear operators on {$L^p$} and the {Doeblin}
		  condition},
  year		= {1986}
}

@Article{	  lumer:1974,
  author	= {Lumer, G.},
  journal	= {Ann. Inst. Fourier (Grenoble)},
  pages		= {271--279},
  title		= {Perturbations de g{\'e}n{\'e}rateurs infinit{\'e}simaux du
		  type ``changement de temps''},
  volume	= {23},
  year		= {1974}
}

@Article{	  lumer:1974a,
  author	= {Lumer, G.},
  journal	= {Ann. Inst. Fourier (Grenoble)},
  pages		= {271--279},
  title		= {Perturbations de g{\'e}n{\'e}rateurs infinit{\'e}simaux du
		  type ``changement de temps''},
  volume	= {23},
  year		= {1974}
}

@Article{	  lumer:1974b,
  author	= {Lumer, G.},
  journal	= {Ann. Inst. Fourier (Grenoble)},
  pages		= {409--466},
  title		= {Probl{\`e}me de {Cauchy} pour op{\'e}rateurs locaux et
		  ``changement de temps''},
  volume	= {23},
  year		= {1974}
}

@Article{	  lumer:1975,
  author	= {Lumer, G.},
  journal	= {Ann. Inst. Fourier (Grenoble)},
  pages		= {409--466},
  title		= {Probl{\`e}me de {Cauchy} pour op{\'e}rateurs locaux et
		  ``changement de temps''},
  volume	= {23},
  year		= {1974}
}

@Article{	  lumerphillips:1961,
  author	= {Lumer, G. and Phillips, R. S.},
  journal	= {Pacific J. Math.},
  pages		= {679--698},
  title		= {Dissipative operators in a {Banach} space},
  volume	= {11},
  year		= {1961}
}

@Book{		  luxemburg:1979,
  address	= {Fayetteville},
  author	= {Luxemburg, W. A. J.},
  series	= {The University of Arkansas Lecture Notes in Mathematics},
  title		= {Some Aspects of the Theory of {Riesz} Spaces},
  volume	= {4},
  year		= {1979}
}

@Article{	  majewskirobinson:1983,
  author	= {Majewski, A. and Robinson, D. W.},
  journal	= {J. Austral. Math. Soc. Ser. A},
  pages		= {36--48},
  title		= {Strictly positive and strongly positive semigroups},
  volume	= {34},
  year		= {1983}
}

@Article{	  miller:1974,
  author	= {Miller, R. K.},
  journal	= {Funkcial. Ekvac.},
  pages		= {39--55},
  title		= {Linear {Volterra} integro-differential equations as
		  semigroups},
  volume	= {17},
  year		= {1974}
}

@Article{	  millerstrang:1966,
  author	= {Miller, J. and Strang, G.},
  journal	= {Math. Scand.},
  pages		= {113--133},
  title		= {Matrix theorems for partial differential and difference
		  equations},
  volume	= {18},
  year		= {1966}
}

@Article{	  milstein:1975,
  author	= {Mil'stein, G. N.},
  journal	= {Soviet Math.},
  pages		= {35--42, 51--61},
  title		= {Exponential stability of positive semigroups in a linear
		  topological space {I},{II}},
  volume	= {19},
  year		= {1975}
}

@Article{	  miyadera:1952,
  author	= {Miyadera, I.},
  journal	= {T{\^o}hoku Math. J.},
  pages		= {109--114},
  title		= {Generation of a strongly continuous semigroup of
		  operators},
  volume	= {4},
  year		= {1952}
}

@InCollection{	  miyajima:1986,
  address	= {Amsterdam},
  author	= {Miyajima, S.},
  booktitle	= {Aspects of Positivity in Functional Analysis},
  editor	= {Nagel, R. and Schlotterbeck, U. and Wolff, M. P. H.},
  publisher	= {North Holland},
  title		= {Generators of positive {$C_0$}-semigroups},
  year		= {1986}
}

@Unpublished{	  miyajimaokazawa:1984,
  author	= {Miyajima, S. and Okazawa, N.},
  note		= {Preprint},
  title		= {Generators of positive {$C_0$}-semigroups on {Banach}
		  lattices},
  year		= {1984}
}

@Book{		  montgomeryzippin:1955,
  address	= {New York},
  author	= {Montgomery, D. and Zippin, L.},
  publisher	= {Interscience Publishers},
  title		= {Topological Transformation Groups},
  year		= {1955}
}

@TechReport{	  moreau:1966,
  author	= {Moreau, J. J.},
  institution	= {Coll{\`e}ge de France},
  note		= {1966--67},
  title		= {Fonctionelles convexes},
  type		= {S{\'e}minaire sur les {\'e}quations aux deriv{\'e}es
		  partielles},
  year		= {1966}
}

