@Article{	  raohengartner:1974,
  author	= {Rao, A. S. and Hengartner, W.},
  journal	= {J. London Math. Soc.},
  pages		= {577--581},
  title		= {On the existence of a unique almost periodic solution of
		  an abstract differential equation},
  volume	= {8},
  year		= {1974}
}

@Book{		  reedsimon:1975,
  address	= {New York},
  author	= {Reed, M. and Simon, B.},
  publisher	= {Academic Press},
  title		= {Methods of Modern Mathematical Physics {II}. {Fourier}
		  Analysis, Self-Adjointness},
  year		= {1975}
}

@Book{		  reedsimon:1978,
  address	= {New York},
  author	= {Reed, M. and Simon, B.},
  publisher	= {Academic Press},
  title		= {Methods of Modern Mathematical Physics {IV}. Analysis of
		  Operators},
  year		= {1978}
}

@Book{		  reedsimon:1979,
  address	= {New York},
  author	= {Reed, M. and Simon, B.},
  publisher	= {Academic Press},
  title		= {Methods of Modern Mathematical Physics {III}. Scattering
		  Theory},
  year		= {1979}
}

@Article{	  reich:1981,
  author	= {Reich, S.},
  journal	= {Manuscripta Math.},
  pages		= {163--178},
  title		= {A characterization of nonlinear {$\phi$}-accretive
		  operators},
  volume	= {36},
  year		= {1981}
}

@Article{	  robinson:1977,
  author	= {Robinson, D. W.},
  journal	= {J. Funct. Anal.},
  pages		= {280--290},
  title		= {The approximation of flows},
  volume	= {24},
  year		= {1977}
}

@Article{	  robinson:1982,
  author	= {Robinson, D. W.},
  journal	= {Comm. Math. Phys.},
  pages		= {129--142},
  title		= {Strongly positive semigroups and faithful invariant
		  states},
  volume	= {85},
  year		= {1982}
}

@Article{	  robinson:1983,
  author	= {Robinson, D. W.},
  journal	= {J. Funct. Anal.},
  pages		= {268--284},
  title		= {Continuous semigroups on ordered {Banach} spaces},
  volume	= {51},
  year		= {1983}
}

@Article{	  robinson:1984,
  author	= {Robinson, D. W.},
  journal	= {Publ. Res. Inst. Math. Sci.},
  pages		= {213--224},
  title		= {On positive semigroups},
  volume	= {20},
  year		= {1984}
}

@Unpublished{	  robinson:1985,
  address	= {Canberra},
  author	= {Robinson, D. W.},
  note		= {Preprint},
  title		= {Differential operators on {C*}-algebras},
  year		= {1985}
}

@Article{	  robinsonyamamuro:1983,
  author	= {Robinson, D. W. and Yamamuro, S.},
  journal	= {T{\^o}hoku Math. J.},
  pages		= {375--386},
  title		= {The canonical half-norm, dual half-norms, and monotonic
		  norms},
  volume	= {35},
  year		= {1983}
}

@Article{	  robinsonyamamuro:1984,
  author	= {Robinson, D. W. and Yamamuro, S.},
  journal	= {Pacific J. Math.},
  pages		= {335--343},
  title		= {Hereditary cones, order ideals and half-norms},
  volume	= {110},
  year		= {1984}
}

@Article{	  roth:1976,
  author	= {Roth, J. P.},
  journal	= {Ann. Inst. Fourier (Grenoble)},
  pages		= {1--97},
  title		= {Op{\'e}rateurs dissipatifs et semigroupes dans les espaces
		  de fonctions continues},
  volume	= {26},
  year		= {1976}
}

@InCollection{	  roth:1978,
  address	= {Berlin-Heidelberg-New York},
  author	= {Roth, J. P.},
  booktitle	= {S{\'e}minaire de Th{\'e}orie du Potential, Paris No. 3},
  editor	= {Hirsch, F. and Mokobodzki, G.},
  pages		= {234--251},
  publisher	= {Springer},
  series	= {Lecture Notes in Mathematics},
  title		= {Les operateurs elliptiques comme g{\'e}n{\'e}rateurs
		  infinit{\'e}simaux de semigroups de {Feller}},
  volume	= {681},
  year		= {1978}
}

@Article{	  sackersell:1978,
  author	= {Sacker, R. J. and Sell, G. R.},
  journal	= {J. Differential Equations},
  pages		= {320--358},
  title		= {A spectral theory for linear differential systems},
  volume	= {27},
  year		= {1978}
}

@Book{		  sakai:1971,
  address	= {Berlin-Heidelberg-New York},
  author	= {Sakai, S.},
  publisher	= {Springer},
  title		= {{C*}-Algebras and {$W^*$}-Algebras},
  year		= {1971}
}

@Article{	  sato:1968,
  author	= {Sato, K. I.},
  journal	= {J. Math. Soc. Japan},
  pages		= {423--436},
  title		= {On the generators of non-negative contraction semigroups
		  in {Banach} lattices},
  volume	= {20},
  year		= {1968}
}

@Article{	  sato:1970a,
  author	= {Sato, K. I.},
  journal	= {Pacific J. Math.},
  pages		= {429--443},
  title		= {On dispersive operators in {Banach} lattices},
  volume	= {33},
  year		= {1970}
}

@Article{	  sato:1970b,
  author	= {Sato, K. I.},
  journal	= {J. Fac. Sci. Univ. Tokyo Sect. I A Math.},
  pages		= {305--313},
  title		= {Positive pseudo-resolvents in {Banach} lattices},
  volume	= {17},
  year		= {1970}
}

@Article{	  sawashima:1964,
  author	= {Sawashima, I.},
  journal	= {Natur. Sci. Rep. Ochanomizu Univ.},
  pages		= {53--64},
  title		= {On spectral properties of some positive operators},
  volume	= {15},
  year		= {1964}
}

@Article{	  scarpellini:1974,
  author	= {Scarpellini, B.},
  journal	= {Math. Ann.},
  pages		= {323--336},
  title		= {On the spectra of certain semigroups},
  volume	= {211},
  year		= {1974}
}

@Book{		  schaefer:1966,
  author	= {Schaefer, H. H.},
  note		= {4th printing: New York-Heidelberg-Berlin: Springer 1980},
  title		= {Topological Vector Spaces},
  publisher	= {Springer},
  year		= {1966}
}

@Article{	  schaefer:1968,
  author	= {Schaefer, H. H.},
  journal	= {Illinois J. Math.},
  pages		= {525--538},
  title		= {Invariant ideals of positive operators in {C(X)}, {II}},
  volume	= {12},
  year		= {1968}
}

@Book{		  schaefer:1974,
  address	= {New York-Heidelberg-Berlin},
  author	= {Schaefer, H. H.},
  publisher	= {Springer},
  title		= {Banach Lattices and Positive Operators},
  year		= {1974}
}

@Article{	  schaefer:1980,
  author	= {Schaefer, H. H.},
  journal	= {Jahresber. Deutsch. Math.-Verein.},
  pages		= {33--50},
  title		= {Ordnungsstrukturen in der {Operatorentheorie}},
  volume	= {82},
  year		= {1980}
}

@InCollection{	  schaefer:1982,
  address	= {Amsterdam},
  author	= {Schaefer, H. H.},
  booktitle	= {From {A} to {Z}},
  editor	= {Huijsmans, C. R. and Kaashoek, M. A. and Luxemburg, W. A.
		  J. and Vietsch, W. K.},
  pages		= {69--79},
  publisher	= {Mathematical Centre},
  series	= {Mathematical Centre Tracts},
  subtitle	= {Proceedings of the Symposium in Honour of {A.C.}
		  {Zaanen}},
  title		= {Some recent results on positive groups and semi-groups},
  volume	= {149},
  year		= {1982}
}

@Article{	  schaefer:1985,
  author	= {Schaefer, H. H.},
  title		= {Existence of spectral values for irreducible
		  {$C_0$}-semigroups},
  journal	= {J. Funct. Anal.},
  volume	= {74},
  number	= {1},
  pages		= {139-145},
  year		= {1987}
}

@Article{	  schaeferetal:1978,
  author	= {Schaefer, H. H. and Wolff, M. P. H. and Arendt, W.},
  journal	= {Math. Z.},
  pages		= {115--123},
  title		= {On lattice isomorphisms with positive real spectrum and
		  groups of positive operators},
  volume	= {164},
  year		= {1978}
}

@Article{	  schep:1985,
  author	= {Schep, A. R.},
  journal	= {Math. Z.},
  pages		= {305--314},
  title		= {Weak {Kato}-inequalities and positive semigroups},
  volume	= {190},
  year		= {1985}
}

@Article{	  seever:1968,
  author	= {Seever, G. L.},
  journal	= {Trans. Amer. Math. Soc.},
  pages		= {267--280},
  title		= {Measures on {F}-spaces},
  volume	= {133},
  year		= {1968}
}

@Book{		  semadeni:1971,
  address	= {Warszawa},
  author	= {Semadeni, Z.},
  publisher	= {Polish Scientific Publishers},
  title		= {Banach Spaces of Continuous Functions},
  year		= {1971}
}

@Article{	  simon:1973,
  author	= {Simon, B.},
  journal	= {J. Funct. Anal.},
  pages		= {335--339},
  title		= {Ergodic semigroups and positivity preserving self-adjoint
		  operators},
  volume	= {12},
  year		= {1973}
}

@Article{	  simon:1977,
  author	= {Simon, B.},
  journal	= {Indiana Univ. Math. J.},
  pages		= {1067--1073},
  title		= {An abstract {Kato's} inequality for generators of
		  positivity preserving semigroups},
  volume	= {26},
  year		= {1977}
}

@Article{	  simon:1979,
  author	= {Simon, B.},
  journal	= {J. Funct. Anal.},
  pages		= {97--101},
  title		= {{Kato's} inequality and the comparison of semigroups},
  volume	= {32},
  year		= {1979}
}

@Article{	  simon:1982,
  author	= {Simon, B.},
  journal	= {Bull. Amer. Math. Soc.},
  pages		= {447--526},
  title		= {{Schr{\"o}dinger} semigroups},
  volume	= {7},
  year		= {1982}
}

@Article{	  slemrod:1976,
  author	= {Slemrod, M.},
  journal	= {Indiana Univ. Math. J.},
  pages		= {783--892},
  title		= {Asymptotic behavior of {$C_0$}-semigroups as determined by
		  the spectrum of the generator},
  volume	= {25},
  year		= {1976}
}

@Article{	  stern:1982,
  author	= {Stern, R. J.},
  journal	= {Appl. Math. Optim.},
  pages		= {67--72},
  title		= {A note on positively invariant cones},
  volume	= {9},
  year		= {1982}
}

@Article{	  stewart:1974,
  author	= {Stewart, H. B.},
  journal	= {Trans. Amer. Math. Soc.},
  pages		= {141--162},
  title		= {Generation of analytic semigroups by strongly elliptic
		  operators},
  volume	= {199},
  year		= {1974}
}

@Article{	  stormer:1972,
  author	= {St{\o}rmer, E.},
  journal	= {Math. Scand.},
  pages		= {42--50},
  title		= {On projection maps on von {Neumann} algebras},
  volume	= {50},
  year		= {1972}
}

@Book{		  takesaki:1979,
  address	= {New York-Heidelberg-Berlin},
  author	= {Takesaki, M.},
  publisher	= {Springer},
  title		= {Theory of Operator Algebras {I}},
  year		= {1979}
}

@Article{	  travis:1981,
  author	= {Travis, C.},
  journal	= {Proc. Amer. Math. Soc.},
  pages		= {425--430},
  title		= {Differentiability of weak solutions to an abstract
		  inhomogeneous differential equation},
  volume	= {82},
  year		= {1981}
}

@Article{	  traviswebb:1974,
  author	= {Travis, C. and Webb, G. F.},
  journal	= {Trans. Amer. Math. Soc.},
  pages		= {395--418},
  title		= {Existence and stability for partial functional
		  differential equations},
  volume	= {200},
  year		= {1974}
}

@Article{	  triggiani:1975a,
  author	= {Triggiani, R.},
  journal	= {J. Math. Anal. Appl.},
  pages		= {411--429},
  title		= {Pathological asymptotic behavior of systems in {Banach}
		  spaces},
  volume	= {49},
  year		= {1975}
}

@Article{	  triggiani:1975b,
  author	= {Triggiani, R.},
  journal	= {J. Math. Anal. Appl.},
  pages		= {383--403},
  title		= {On the stabilizability problem in {Banach} spaces},
  volume	= {52},
  year		= {1975}
}

@InCollection{	  trotter:1974,
  author	= {Trotter, H. F.},
  booktitle	= {Lineare Operatoren und Approximation {II}},
  editor	= {Butzer and Sz.-Nagy},
  publisher	= {Birkh{\"a}user},
  subtitle	= {Proceedings on a Conference in Oberwolfach 1974},
  title		= {Approximation and perturbation of semigroups},
  year		= {1974}
}

@PhDThesis{	  uhlig:1979,
  author	= {Uhlig, H.},
  school	= {Universit{\"a}t T{\"u}bingen},
  title		= {Derivationen und {Verbandshalbgruppen}},
  year		= {1979}
}

