@book{takesaki:1979,
  author = {Takesaki, M.},
  title = {Theory of Operator Algebras {I}},
  publisher = {Springer},
  address = {New York-Heidelberg-Berlin},
  year = {1979}
}

@article{traviswebb:1974,
  author = {Travis, C. and Webb, G. F.},
  title = {Existence and stability for partial functional differential equations},
  journal = {Trans. Amer. Math. Soc.},
  volume = {200},
  year = {1974},
  pages = {395--418}
}

@article{triggiani:1975a,
  author = {Triggiani, R.},
  title = {Pathological asymptotic behavior of systems in {Banach} spaces},
  journal = {J. Math. Anal. Appl.},
  volume = {49},
  year = {1975},
  pages = {411--429}
}

@article{triggiani:1975b,
  author = {Triggiani, R.},
  title = {On the stabilizability problem in {Banach} spaces},
  journal = {J. Math. Anal. Appl.},
  volume = {52},
  year = {1975},
  pages = {383--403}
}

@incollection{trotter:1974,
  author = {Trotter, H. F.},
  title = {Approximation and perturbation of semigroups},
  booktitle = {Lineare Operatoren und Approximation {II}},
  subtitle = {Proceedings on a Conference in Oberwolfach 1974},
  editor = {Butzer and Sz.-Nagy},
  publisher = {Birkh{\"a}user},
  year = {1974}
}