@article{okazawa:1984,
  author = {Okazawa, N.},
  title = {An {$L^p$}-theory for {Schr{\"o}dinger} operators with nonnegative potentials},
  journal = {J. Math. Soc. Japan},
  volume = {36},
  year = {1984},
  pages = {675--688}
}

@article{olesenetal:1980,
  author = {Olesen, D. and Pedersen, G. K. and Takesaki, M.},
  title = {Ergodic actions of compact {Abelian} groups},
  journal = {J. Operator Theory},
  volume = {3},
  year = {1980},
  pages = {237--269}
}

@article{oseledets:1984,
  author = {Oseledets, V. I.},
  title = {Completely positive linear maps, non {Hamiltonian} evolution and quantum stochastic processes},
  journal = {J. Soviet Math.},
  volume = {25},
  year = {1984},
  pages = {1529--1557}
}

@article{depagter:1984,
  author = {de Pagter, B.},
  title = {A note on disjointness preserving operators},
  journal = {Proc. Amer. Math. Soc.},
  volume = {90},
  year = {1984},
  pages = {543--550}
}

@article{depagter:1986,
  author = {de Pagter, B.},
  title = {Irreducible compact operators},
  journal = {Math. Z.},
  year = {1986},
  note = {To appear}
}