@article{calvert:1970,
  author  = {Calvert, B.D.},
  title   = {Nonlinear evolution equations in {B}anach lattice},
  journal = {Bulletin of the American Mathematical Society},
  volume  = {76},
  year    = {1970},
  pages   = {845-850}
}

@article{calvert:1971a,
  author  = {Calvert, B.D.},
  title   = {Nonlinear equations of evolution},
  journal = {Pacific Journal of Mathematics},
  volume  = {39},
  year    = {1971},
  pages   = {293-350}
}

@article{calvert:1971b,
  author  = {Calvert, B.D.},
  title   = {Semigroups on an ordered {B}anach space},
  journal = {Journal of the Mathematical Society of Japan},
  volume  = {23},
  year    = {1971},
  pages   = {311-319}
}

@article{calvert:1972,
  author  = {Calvert, B.D.},
  title   = {On {T}-accretive operators},
  journal = {Annali di Matematica Pura ed Applicata},
  volume  = {94},
  year    = {1972},
  pages   = {291-314}
}

@article{calvertpicard:1975,
  author  = {Calvert, B.D. and Picard, C.},
  title   = {Opérateurs accrétifs et {$\Phi$}-accrétifs dans un espace de {B}anach},
  journal = {Hiroshima Mathematical Journal},
  volume  = {5},
  year    = {1975},
  pages   = {363-370}
}

@article{vancasteren:1984,
  author  = {van Casteren, J.},
  title   = {Invariant subsets of strongly continuous semigroups},
  journal = {Integral Equations and Operator Theory},
  volume  = {7},
  year    = {1984},
  pages   = {884-892}
}

@book{vancasteren:1985,
  author    = {van Casteren, J.},
  title     = {Generators of Strongly Continuous Semigroups},
  publisher = {Pitman},
  address   = {Boston-London-Melbourne},
  year      = {1985}
}

@article{chiconeswanson:1981,
  author  = {Chicone, C. and Swanson, R.C.},
  title   = {Spectral theory for linearizations of dynamical systems},
  journal = {Journal of Differential Equations},
  volume  = {40},
  year    = {1981},
  pages   = {155-167}
}

@article{choi:1974,
  author  = {Choi, M.-D.},
  title   = {A {S}chwarz inequality for positive linear maps on {C*}-algebras},
  journal = {Illinois Journal of Mathematics},
  volume  = {18},
  year    = {1974},
  pages   = {565-574}
}

@article{choquetfoias:1975,
  author  = {Choquet, G. and Foias, C.},
  title   = {Solution d'un problème sur les itérés d'un operateur positif sur {C(K)} et propriétés des moyennes associées},
  journal = {Annales de l'Institut Fourier},
  volume  = {25},
  year    = {1975},
  pages   = {109-125}
}

@article{coffmangrover:1980,
  author  = {Coffman, C.V. and Grover, C.L.},
  title   = {Obtuse cones in {H}ilbert spaces and application to partial differential equations},
  journal = {Journal of Functional Analysis},
  volume  = {35},
  year    = {1980},
  pages   = {369-396}
}

@article{collatz:1942,
  author  = {Collatz, P.},
  title   = {Einschließungssatz für die charakteristischen {Z}ahlen von {M}atrizen},
  journal = {Mathematische Zeitschrift},
  volume  = {48},
  year    = {1942},
  pages   = {221-226}
}

@article{combesdelaroche:1978,
  author  = {Combes, F. and Delaroche, C.},
  title   = {Representations des groupes localement compacts et applications aux algèbres d'opérateurs},
  journal = {Astérisque},
  volume  = {55},
  year    = {1978},
  note    = {Séminaire d'Orleans}
}

@article{cookeferreira:1983,
  author  = {Cooke, K.L. and Ferreira, J.M.},
  title   = {Stability conditions for linear retarded differential equations},
  journal = {Journal of Mathematical Analysis and Applications},
  volume  = {96},
  year    = {1983},
  pages   = {480-504}
}

@article{coulhon:1984,
  author  = {Coulhon, T.},
  title   = {Suites d'opérateurs sur un espace {$C(K)$} de {G}rothendieck},
  journal = {Comptes Rendus de l'Académie des Sciences Paris Série I Mathématiques},
  volume  = {298},
  year    = {1984},
  pages   = {13-15}
}

@book{cornfeldetal:1982,
  author    = {Cornfeld, I.P. and Fomin, S.V. and Sinai, Ya.G.},
  title     = {Ergodic Theory},
  publisher = {Springer},
  address   = {Berlin-Heidelberg-New York},
  year      = {1982}
}

@article{crandalltar:1980,
  author  = {Crandall, M.G. and Tartar, L.},
  title   = {Some relations between nonexpansive and order preserving mappings},
  journal = {Proceedings of the American Mathematical Society},
  volume  = {78},
  year    = {1980},
  pages   = {385-390}
}