@article{nagel:1973,
  author = {Nagel, R.},
  title = {Mittelergodische {Halbgruppen} linearer {Operatoren}},
  journal = {Ann. Inst. Fourier (Grenoble)},
  volume = {23},
  year = {1973},
  pages = {75--87}
}

@techreport{nagel:1983,
  author = {Nagel, R.},
  title = {Sobolev Spaces and Semigroups},
  institution = {Universit{\"a}t T{\"u}bingen},
  type = {Semesterbericht Funktionalanalysis},
  year = {1983},
  pages = {1--19},
  note = {Sommersemester 1984}
}

@incollection{nagel:1984,
  author = {Nagel, R.},
  title = {What can positivity do for stability?},
  booktitle = {Functional Analysis, Surveys and Recent Results III},
  editor = {Bierstedt, K. D. and Fuchssteiner, B.},
  publisher = {North Holland},
  address = {Amsterdam},
  year = {1984}
}

@article{nagel:1985,
  author = {Nagel, R.},
  title = {Well-posedness and positivity for systems of linear evolution equations},
  journal = {Conferenze del Seminario di Matematica dell'Universit{\`a} di Bari},
  volume = {203},
  year = {1985},
  pages = {1--29}
}

@book{nageletal:1982,
  author = {Nagel, R. and Derndinger, R. and Palm, G.},
  title = {Ergodic Theory in the Functional Analytic Perspective},
  address = {T{\"u}bingen},
  year = {1982}
}

@article{nageluhlig:1981,
  author = {Nagel, R. and Uhlig, H.},
  title = {An abstract {Kato} inequality for generators of positive semigroups on {Banach} lattices},
  journal = {J. Operator Theory},
  volume = {6},
  year = {1981},
  pages = {113--123}
}

@book{nakano:1950,
  author = {Nakano, H.},
  title = {Modern Spectral Theory},
  series = {Tokyo Mathematical Book Series},
  volume = {II},
  publisher = {Maruzen Co.},
  address = {Tokyo},
  year = {1950}
}

@article{neubrander:1984a,
  author = {Neubrander, F.},
  title = {Well-posedness of abstract {Cauchy} problems},
  journal = {Semigroup Forum},
  volume = {29},
  year = {1984},
  pages = {75--85}
}

@phdthesis{neubrander:1984b,
  author = {Neubrander, F.},
  title = {Well-posedness of higher order abstract {Cauchy} problems},
  school = {Universit{\"a}t T{\"u}bingen},
  year = {1984}
}

@article{neubrander:1985a,
  author = {Neubrander, F.},
  title = {Laplace transform and asymptotic behavior of strongly continuous semigroups},
  journal = {Houston J. Math.},
  year = {1985},
  note = {To appear}
}

@incollection{neubrander:1985b,
  author = {Neubrander, F.},
  title = {Asymptotic behavior of solutions of inhomogeneous abstract {Cauchy} problems},
  booktitle = {Proceedings of the Conference on Physical Mathematics and Nonlinear Partial Differential Equations, Morgantown 1983},
  publisher = {Marcel Dekker},
  year = {1985},
  pages = {157--173}
}

@article{neubrander:1986,
  author = {Neubrander, F.},
  title = {Well-posedness of higher order abstract {Cauchy} problems},
  journal = {Trans. Amer. Math. Soc.},
  year = {1986},
  note = {To appear}
}

@article{nussbaum:1984,
  author = {Nussbaum, R. D.},
  title = {Positive operators and elliptic eigenvalue problems},
  journal = {Math. Z.},
  volume = {186},
  year = {1984},
  pages = {247--264}
}