@Article{	  vancasteren:1984,
  author	= {van Casteren, J.},
  journal	= {Integral Equations and Operator Theory},
  pages		= {884-892},
  title		= {Invariant subsets of strongly continuous semigroups},
  volume	= {7},
  year		= {1984}
}

@Book{		  vancasteren:1985,
  address	= {Boston-London-Melbourne},
  author	= {van Casteren, J.},
  publisher	= {Pitman},
  title		= {Generators of Strongly Continuous Semigroups},
  year		= {1985}
}

@Article{	  vidav:1970,
  author	= {Vidav, I.},
  journal	= {J. Math. Anal. Appl.},
  pages		= {264--279},
  title		= {Spectra of perturbed semigroups with applications to
		  transport theory},
  volume	= {30},
  year		= {1970}
}

@Article{	  villellabressan:1985,
  author	= {Villella-Bressan, R.},
  journal	= {Ann. Polon. Math.},
  pages		= {93--104},
  title		= {Functional equation of delay type in {$L^1$}-spaces},
  volume	= {45},
  year		= {1985}
}

@Article{	  voigt:1980,
  author	= {Voigt, J.},
  journal	= {Monatsh. Math.},
  pages		= {153--161},
  title		= {A perturbation theorem for the essential spectral radius
		  of strongly continuous semigroups},
  volume	= {90},
  year		= {1980}
}

@Article{	  voigt:1982,
  author	= {Voigt, J.},
  journal	= {Arch. Math. (Basel)},
  pages		= {455--462},
  title		= {On the abszissa of convergence for the {Laplace} transform
		  of vector valued measures},
  volume	= {39},
  year		= {1982}
}

@Article{	  voigt:1984a,
  author	= {Voigt, J.},
  journal	= {Acta Appl. Math.},
  pages		= {311--331},
  title		= {Positivity in time dependent linear transport theory},
  volume	= {2},
  year		= {1984}
}

@Article{	  voigt:1984b,
  author	= {Voigt, J.},
  journal	= {J. Math. Anal. Appl.},
  pages		= {140--153},
  volume	= {106]},
  title		= {Spectral properties of the neutron transport equations},
  year		= {1985}
}

@Unpublished{	  voigt:1984c,
  author	= {Voigt, J.},
  note		= {Preprint},
  title		= {Absorption semigroups, their generators and
		  {Schr{\"o}dinger} semigroups},
  year		= {1984}
}

@Article{	  voigt:1984d,
  address	= {T{\"u}bingen},
  author	= {Voigt, J.},
  journal	= {Semesterbericht Funktionalanalysis},
  note		= {Wintersemester 1984/1985},
  pages		= {71--85},
  title		= {On substochastic {$C_0$}-semigroups and their generators},
  year		= {1984}
}

@Article{	  voigt:1985,
  author	= {Voigt, J.},
  journal	= {Math. Z.},
  pages		= {283--286},
  title		= {Interpolation for positive {$C_0$}-semigroups on
		  {$L^p$}-spaces},
  volume	= {188},
  year		= {1985}
}

@Article{	  watanabe:1982,
  author	= {Watanabe, S.},
  journal	= {J. Math. Anal. Appl.},
  pages		= {411--424},
  title		= {Asymptotic behaviour and eigenvalues of dynamical
		  semigroups on operator algebras},
  volume	= {86},
  year		= {1982}
}

@Article{	  webb:1977,
  author	= {Webb, G. F.},
  journal	= {Nonlinear Anal.},
  pages		= {415--427},
  title		= {Volterra integral equations and nonlinear semigroups},
  volume	= {1},
  year		= {1977}
}

@InCollection{	  webb:1984,
  address	= {Berlin-Heidelberg-New York},
  author	= {Webb, G. F.},
  booktitle	= {Infinitedimensional Systems},
  editor	= {Kappel, F. and Schappacher, W.},
  note		= {Retzhof 1983},
  pages		= {254--268},
  publisher	= {Springer},
  series	= {Lecture Notes in Mathematics},
  title		= {A semigroup approach to the {Sharpe-Lotka} theorem},
  volume	= {1076},
  year		= {1984}
}

@Book{		  webb:1985a,
  address	= {New York},
  author	= {Webb, G. F.},
  publisher	= {Marcel Dekker},
  title		= {Theory of Nonlinear Age-Dependent Population Dynamics},
  year		= {1985}
}

@Article{	  webb:1985b,
  author	= {Webb, G. F.},
  title		= {An operator-theoretic formulation of asynchronous
		  exponential growth},
  journal	= {Trans. Amer. Math. Soc.},
  volume	= {303},
  pages		= {751-763},
  year		= {1987}
}

@Book{		  widder:1946,
  address	= {Princeton, N.J.},
  author	= {Widder, D. V.},
  publisher	= {Princeton University Press},
  title		= {The {Laplace} Transform},
  year		= {1946}
}

@Book{		  widder:1971,
  address	= {New York},
  author	= {Widder, D. V.},
  publisher	= {Academic Press},
  title		= {An Introduction to Transform Theory},
  year		= {1971}
}

@Article{	  wielandt:1950,
  author	= {Wielandt, H.},
  journal	= {Math. Z.},
  pages		= {642--648},
  title		= {Unzerlegbare, nicht-negative {Matrizen}},
  volume	= {52},
  year		= {1950}
}

@Article{	  winkler:1972,
  author	= {Winkler, W.},
  journal	= {Ann. Probab.},
  pages		= {341--344},
  title		= {A note on continuous one-parameter zero-two law},
  volume	= {1},
  year		= {1973}
}

@Article{	  winkler:1973,
  author	= {Winkler, W.},
  journal	= {Ann. Probab.},
  pages		= {341--344},
  title		= {A note on continuous one-parameter zero-two law},
  volume	= {1},
  year		= {1973}
}

@Article{	  wolff:1978,
  author	= {Wolff, M. P. H.},
  journal	= {Math. Z.},
  pages		= {69--80},
  title		= {On {$C_0$}-semigroups of lattice homomorphisms on a
		  {Banach} lattice},
  volume	= {164},
  year		= {1978}
}

@InCollection{	  wolff:1981,
  address	= {Basel-Boston-Stuttgart},
  author	= {Wolff, M. P. H.},
  booktitle	= {Functional Analysis and Approximation},
  editor	= {Butzer, P. L. and Sz.-Nagy, B. and G{\"o}rlich, E.},
  pages		= {39--50},
  publisher	= {Birkh{\"a}user},
  subtitle	= {Proceedings of the Conference in Oberwolfach 1980},
  title		= {A remark on the spectral bound of the generator of a
		  semigroup of positive operators with application to
		  stability theory},
  year		= {1981}
}

@Unpublished{	  yamanturo:1984,
  address	= {Canberra},
  author	= {Yamanturo, S.},
  note		= {Preprint},
  title		= {A note on positive semigroups},
  year		= {1984}
}

@Article{	  yamanturo:1985,
  author	= {Yamanturo, S.},
  journal	= {Bull. Austral. Math. Soc.},
  pages		= {215--233},
  title		= {Absolute values in orthogonally decomposable spaces},
  volume	= {31},
  year		= {1985}
}

@Article{	  yosida:1948,
  author	= {Yosida, K.},
  journal	= {J. Math. Soc. Japan},
  pages		= {15--21},
  title		= {On the differentiability and representation of
		  one-parameter semi-groups of linear operators},
  volume	= {1},
  year		= {1948}
}

@Book{		  yosida:1965,
  author	= {Yosida, K.},
  publisher	= {Springer},
  title		= {Functional Analysis},
  year		= {1965}
}

@Article{	  yosidakakutani:1941,
  author	= {Yosida, K. and Kakutani, S.},
  journal	= {Ann. of Math.},
  pages		= {188--228},
  title		= {Operator-theoretical treatment of {Markoff's} process and
		  mean ergodic theorem},
  volume	= {42},
  year		= {1941}
}

@Book{		  zaanen:1983,
  address	= {Groningen},
  author	= {Zaanen, A. C.},
  publisher	= {North Holland},
  title		= {Riesz Spaces {II}},
  year		= {1983}
}

@Article{	  zabczyk:1975,
  author	= {Zabczyk, J.},
  journal	= {Bull. Acad. Pol. Sci. SÃ©r. Sci. Math. Astronom. Phys.},
  pages		= {895--898},
  title		= {A note on {$C_0$}-semigroups},
  volume	= {23},
  year		= {1975}
}

@InCollection{	  zabczyk:1979,
  address	= {Berlin-Heidelberg-New York},
  author	= {Zabczyk, J.},
  booktitle	= {International Symposium on Systems Optimization and
		  Analysis 1978},
  publisher	= {Springer},
  series	= {Lecture Notes in Control Theory and Information},
  title		= {Stabilization of boundary control systems},
  year		= {1979}
}

@Book{		  zaidman:1979,
  address	= {London},
  author	= {Zaidman, S. D.},
  publisher	= {Pitman},
  title		= {Abstract Differential Equations},
  year		= {1979}
}

