@article{Groh:1981,
  author  = {Groh, T.},
  title   = {The peripheral point spectrum of {S}chwarz operators on {$C^*$}-algebras},
  journal = {Mathematische Zeitschrift},
  volume  = {176},
  year    = {1981},
  pages   = {311-318}
}

@article{groh:1982a,
  author  = {Groh, T.},
  title   = {Some observations on the spectra of positive operators on finite dimensional {$C^*$}-algebras},
  journal = {Linear Algebra and its Applications},
  volume  = {42},
  year    = {1982},
  pages   = {213-222}
}

@techreport{groh:1982b,
  author      = {groh:19, T.},
  title       = {Asymptotic behavior of dynamical systems on {W*}-algebras},
  institution = {Universität Tübingen},
  type        = {Semesterbericht Funktionalanalysis},
  year        = {1982},
  pages       = {15-25},
  note        = {Sommersemester 1982}
}

@article{groh:1984a,
  author  = {Groh, T.},
  title   = {Uniformly ergodic maps on {$C^*$}-algebras},
  journal = {Israel Journal of Mathematics},
  volume  = {47},
  year    = {1984},
  pages   = {227-235}
}

@article{groh:1984b,
  author  = {Groh, T.},
  title   = {Uniform ergodic theorems for identity preserving {S}chwarz maps on {W*}-algebras},
  journal = {Journal of Operator Theory},
  volume  = {11},
  year    = {1984},
  pages   = {395-404}
}

@article{groh:1984c,
  author  = {Groh, T.},
  title   = {Spectrum and asymptotic behaviour of completely positive maps on {$B(H)$}},
  journal = {Mathematica Japonica},
  volume  = {29},
  year    = {1984},
  pages   = {395-402}
}