
@article{djacenko:1976,
  author = {D'Jacenko, S. V.},
  title = {Semigroups of almost negative type and their applications},
  journal = {Soviet Math. Dokl.},
  volume = {17},
  year = {1976},
  pages = {1189--1193}
}

@incollection{jacobs:1972,
  author = {Jacobs, K.},
  title = {Gleichverteilung mod 1},
  booktitle = {Selecta Mathematica},
  volume = {IV},
  pages = {57--93},
  publisher = {Springer},
  address = {Berlin-Heidelberg-New York},
  year = {1972}
}

@book{jameson:1974,
  author = {Jameson, G. J. O.},
  title = {Topology and Normed Spaces},
  publisher = {Chapman and Hall},
  address = {London},
  year = {1974}
}

@unpublished{jorgensen:1980,
  author = {Jorgensen, P. T.},
  title = {Monotone convergence of operators semigroups and the dynamics of infinite particle systems},
  note = {Preprint},
  institution = {Aarhus Universitet},
  year = {1980}
}

@phdthesis{junghenn:1971,
  author = {Junghenn, H. D.},
  title = {Almost periodic compactifications and applications to one parameter semigroups},
  school = {The George Washington University},
  year = {1971}
}