@article{majewskirobinson:1983,
  author = {Majewski, A. and Robinson, D. W.},
  title = {Strictly positive and strongly positive semigroups},
  journal = {J. Austral. Math. Soc. Ser. A},
  volume = {34},
  year = {1983},
  pages = {36--48}
}

@article{millerstrang:1966,
  author = {Miller, J. and Strang, G.},
  title = {Matrix theorems for partial differential and difference equations},
  journal = {Math. Scand.},
  volume = {18},
  year = {1966},
  pages = {113--133}
}

@article{miller:1974,
  author = {Miller, R. K.},
  title = {Linear {Volterra} integro-differential equations as semigroups},
  journal = {Funkcial. Ekvac.},
  volume = {17},
  year = {1974},
  pages = {39--55}
}

@article{milstein:1975,
  author = {Mil'stein, G. N.},
  title = {Exponential stability of positive semigroups in a linear topological space {I},{II}},
  journal = {Soviet Math.},
  volume = {19},
  year = {1975},
  pages = {35--42, 51--61}
}

@article{miyadera:1952,
  author = {Miyadera, I.},
  title = {Generation of a strongly continuous semigroup of operators},
  journal = {T{\^o}hoku Math. J.},
  volume = {4},
  year = {1952},
  pages = {109--114}
}

@incollection{miyajima:1986,
  author = {Miyajima, S.},
  title = {Generators of positive {$C_0$}-semigroups},
  booktitle = {Aspects of Positivity in Functional Analysis},
  editor = {Nagel, R. and Schlotterbeck, U. and Wolff, M. P. H.},
  publisher = {North Holland},
  address = {Amsterdam},
  year = {1986}
}

@unpublished{miyajimaokazawa:1984,
  author = {Miyajima, S. and Okazawa, N.},
  title = {Generators of positive {$C_0$}-semigroups on {Banach} lattices},
  note = {Preprint},
  year = {1984}
}

@book{montgomeryzippin:1955,
  author = {Montgomery, D. and Zippin, L.},
  title = {Topological Transformation Groups},
  publisher = {Interscience Publishers},
  address = {New York},
  year = {1955}
}

@techreport{moreau:1966,
  author = {Moreau, J. J.},
  title = {Fonctionelles convexes},
  institution = {Coll{\`e}ge de France},
  type = {S{\'e}minaire sur les {\'e}quations aux deriv{\'e}es partielles},
  year = {1966},
  note = {1966--67}
}