@article{datko:1970,
  author  = {Datko, R.},
  title   = {Extending a theorem of {A.M.} {L}iapunov to {H}ilbert space},
  journal = {Journal of Mathematical Analysis and Applications},
  volume  = {32},
  year    = {1970},
  pages   = {610-616}
}

@article{datko:1972,
  author  = {Datko, R.},
  title   = {Uniform asymptotic stability of evolutionary processes in a {B}anach space},
  journal = {SIAM Journal on Mathematical Analysis},
  volume  = {3},
  year    = {1972},
  pages   = {428-445}
}

@article{datko:1983,
  author  = {Datko, R.},
  title   = {An example of an unstable neutral differential equation},
  journal = {International Journal of Control},
  volume  = {38},
  year    = {1983},
  pages   = {263-267}
}

@article{davies:1972,
  author  = {Davies, E.B.},
  title   = {Some contraction semigroups in quantum probability},
  journal = {Zeitschrift für Wahrscheinlichkeitstheorie und Verwandte Gebiete},
  volume  = {23},
  year    = {1972},
  pages   = {261-273}
}

@book{davies:1976,
  author    = {Davies, E.B.},
  title     = {Quantum Theory of Open Systems},
  publisher = {Academic Press},
  address   = {London-New York-San Francisco},
  year      = {1976}
}

@article{davies:1979,
  author  = {Davies, E.B.},
  title   = {Generators of dynamical semigroups},
  journal = {Journal of Functional Analysis},
  volume  = {34},
  year    = {1979},
  pages   = {421-431}
}

@book{davies:1980,
  author    = {Davies, E.B.},
  title     = {One-parameter Semigroups},
  publisher = {Academic Press},
  address   = {London-New York-San Francisco},
  year      = {1980}
}

@article{davies:1982,
  author  = {Davies, E.B.},
  title   = {The harmonic functions of mean ergodic semigroups},
  journal = {Mathematische Zeitschrift},
  volume  = {181},
  year    = {1982},
  pages   = {543-552}
}

@incollection{davies:1986,
  author    = {Davies, E.B.},
  title     = {Spectral properties of some second order elliptic operators on {$L^p$}-spaces},
  booktitle = {Aspects of Positivity in Functional Analysis},
  editor    = {Nagel, R. and Schlotterbeck, U. and Wolff, M.P.H.},
  publisher = {North Holland},
  address   = {Amsterdam},
  year      = {1986}
}

@book{deimling:1977,
  author    = {Deimling, K.},
  title     = {Ordinary Differential Equations in {B}anach Spaces},
  publisher = {Springer},
  address   = {Berlin-Heidelberg-New York},
  year      = {1977}
}

@article{deleeuwglicksberg:1961,
  author  = {DeLeeuw, K. and Glicksberg, I.},
  title   = {Applications of almost periodic compactifications},
  journal = {Acta Mathematica},
  volume  = {105},
  year    = {1961},
  pages   = {63-97}
}

@article{derndinger:1980,
  author  = {Derndinger, R.},
  title   = {{\"U}ber das {S}pektrum positiver {G}eneratoren},
  journal = {Mathematische Zeitschrift},
  volume  = {172},
  year    = {1980},
  pages   = {281-293}
}

@article{derndinger:1984,
  author  = {Derndinger, R.},
  title   = {Betragshalbgruppen normstetiger {O}peratorhalbgruppen},
  journal = {Archiv der Mathematik},
  volume  = {42},
  year    = {1984},
  pages   = {371-375}
}

@article{derndingernagel:1979,
  author  = {Derndinger, R. and Nagel, R.},
  title   = {Der {G}enerator starkstetiger {V}erbandshalbgruppen auf {$C(X)$} und dessen {S}pektrum},
  journal = {Mathematische Annalen},
  volume  = {245},
  year    = {1979},
  pages   = {159-177}
}

@techreport{deschschappacher:1983,
  author      = {Desch, W. and Schappacher, W.},
  title       = {Spectral properties of finite-dimensional perturbed linear semigroups},
  institution = {Universität Graz},
  type        = {Preprint},
  year        = {1983}
}

@article{deschschappacher:1984,
  author  = {Desch, W. and Schappacher, W.},
  title   = {On relatively bounded perturbations of linear {$C_0$}-semigroups},
  journal = {Annali della Scuola Normale Superiore di Pisa},
  volume  = {11},
  year    = {1984},
  pages   = {327-341}
}

@article{diekmannetal:1984,
  author  = {Diekmann, O. and Heijmans, H.J.A.M. and Thieme, H.R.},
  title   = {On the stability of the cell size distribution},
  journal = {Journal of Mathematical Biology},
  volume  = {19},
  year    = {1984},
  pages   = {227-248}
}

@book{dieudonne:1971,
  author    = {Dieudonné, J.},
  title     = {Éléments d'Analyse (Tome {IV})},
  publisher = {Gauthier-Villars},
  address   = {Paris},
  year      = {1971}
}

@book{doetsch:1950,
  author    = {Doetsch, G.},
  title     = {Handbuch der {L}aplace {T}ransformation, {B}and {I}},
  publisher = {Birkhäuser},
  address   = {Basel},
  year      = {1950}
}

@article{dorroh:1966,
  author  = {Dorroh, J.R.},
  title   = {Contraction semi-groups in a function space},
  journal = {Pacific Journal of Mathematics},
  volume  = {19},
  year    = {1966},
  pages   = {35-38}
}

@book{dunfordschwartz:1958,
  author    = {Dunford, N. and Schwartz, J.T.},
  title     = {Linear Operators, {P}art {I}: {G}eneral {T}heory},
  publisher = {Wiley},
  address   = {New York},
  year      = {1958}
}

@book{dynkin:1965,
  author    = {Dynkin, E.B.},
  title     = {Markov Processes {I}, {II}},
  publisher = {Springer},
  address   = {Berlin-Göttingen-Heidelberg},
  year      = {1965}
}

@article{dysonvillella:1979,
  author  = {Dyson, J. and Villella-Bressan, R.},
  title   = {Semigroups of translations associated with functional and functional differential equations},
  journal = {Proceedings of the Royal Society of Edinburgh, Section A},
  volume  = {82},
  year    = {1979},
  pages   = {171-188}
}