@article{pazy:1968,
  author = {Pazy, A.},
  title = {On the differentiability and compactness of linear operators},
  journal = {J. Math. Mech.},
  volume = {17},
  year = {1968},
  pages = {1131--1142}
}

@book{pazy:1983,
  author = {Pazy, A.},
  title = {Semigroups of Linear Operators and Applications to Partial Differential Equations},
  publisher = {Springer},
  address = {Berlin-Heidelberg-New York-Tokyo},
  year = {1983}
}

@book{pedersen:1979,
  author = {Pedersen, G. K.},
  title = {{C*}-Algebras and their Automorphism Groups},
  publisher = {Academic Press},
  address = {London, New York, San Francisco},
  year = {1979}
}

@article{peetre:1959,
  author = {Peetre, J.},
  title = {Une charact{\'e}risation abstraite des op{\'e}rateurs diff{\'e}rentiels},
  journal = {Math. Scand.},
  volume = {7},
  year = {1959},
  pages = {211--218},
  note = {Rectification {\`a} l'article pr{\'e}c{\'e}dent. Math. Scand. 8 (1960), 116--120}
}

@article{perron:1907,
  author = {Perron, O.},
  title = {Zur {Theorie} der {Matrices}},
  journal = {Math. Ann.},
  volume = {64},
  year = {1907},
  pages = {248--263}
}

@article{phillips:1954,
  author = {Phillips, R. S.},
  title = {A note on the abstract {Cauchy} problem},
  journal = {Proc. Nat. Acad. Sci. U.S.A.},
  volume = {40},
  year = {1954},
  pages = {244--248}
}

@article{phillips:1962,
  author = {Phillips, R. S.},
  title = {Semigroups of positive contraction operators},
  journal = {Czechoslovak Math. J.},
  volume = {12},
  year = {1962},
  pages = {294--313}
}

@article{phillips:1974,
  author = {Phillips, R. S.},
  title = {Perturbation theory for semi-groups of linear operators},
  journal = {Trans. Amer. Math. Soc.},
  volume = {74},
  year = {1974},
  pages = {343--369}
}

@article{picard:1972,
  author = {Picard, C.},
  title = {Op{\'e}rateurs {$\phi$}-accretifs et g{\'e}n{\'e}ration des semi-groupes non lin{\'e}aires},
  journal = {C. R. Acad. Sci. Paris S{\'e}r. I-Math.},
  volume = {275},
  year = {1972},
  pages = {639--641}
}

@book{pietsch:1978,
  author = {Pietsch, A.},
  title = {Operator Ideals},
  publisher = {VEB Deutscher Verlag der Wissenschaften},
  address = {Berlin},
  year = {1978}
}

@article{plant:1977,
  author = {Plant, A. T.},
  title = {Nonlinear semigroups of linear operators and applications in {Banach} spaces},
  journal = {J. Math. Anal. Appl.},
  volume = {60},
  year = {1977},
  pages = {67--74}
}

@book{protterweinberger:1967,
  author = {Protter, M. H. and Weinberger, H. F.},
  title = {Maximum Principles in Differential Equations},
  publisher = {Springer},
  address = {New York-Berlin-Heidelberg},
  year = {1967}
}

@article{pruess:1981,
  author = {Pr{\"u}ss, J.},
  title = {Equilibrium solutions of age-specific population dynamics of several species},
  journal = {J. Math. Biol.},
  volume = {11},
  year = {1981},
  pages = {65--84}
}

@article{pruess:1984,
  author = {Pr{\"u}ss, J.},
  title = {On the spectrum of {$C_0$}-semigroups},
  journal = {Trans. Amer. Math. Soc.},
  volume = {284},
  year = {1984},
  pages = {847--857}
}