@article{raohengartner:1974,
  author = {Rao, A. S. and Hengartner, W.},
  title = {On the existence of a unique almost periodic solution of an abstract differential equation},
  journal = {J. London Math. Soc.},
  volume = {8},
  year = {1974},
  pages = {577--581}
}

@book{reedsimon:1975,
  author = {Reed, M. and Simon, B.},
  title = {Methods of Modern Mathematical Physics {II}. {Fourier} Analysis, Self-Adjointness},
  publisher = {Academic Press},
  address = {New York},
  year = {1975}
}

@book{reedsimon:1978,
  author = {Reed, M. and Simon, B.},
  title = {Methods of Modern Mathematical Physics {IV}. Analysis of Operators},
  publisher = {Academic Press},
  address = {New York},
  year = {1978}
}

@book{reedsimon:1979,
  author = {Reed, M. and Simon, B.},
  title = {Methods of Modern Mathematical Physics {III}. Scattering Theory},
  publisher = {Academic Press},
  address = {New York},
  year = {1979}
}

@article{reich:1981,
  author = {Reich, S.},
  title = {A characterization of nonlinear {$\phi$}-accretive operators},
  journal = {Manuscripta Math.},
  volume = {36},
  year = {1981},
  pages = {163--178}
}

@article{robinson:1977,
  author = {Robinson, D. W.},
  title = {The approximation of flows},
  journal = {J. Funct. Anal.},
  volume = {24},
  year = {1977},
  pages = {280--290}
}

@article{robinson:1982,
  author = {Robinson, D. W.},
  title = {Strongly positive semigroups and faithful invariant states},
  journal = {Comm. Math. Phys.},
  volume = {85},
  year = {1982},
  pages = {129--142}
}

@article{robinson:1983,
  author = {Robinson, D. W.},
  title = {Continuous semigroups on ordered {Banach} spaces},
  journal = {J. Funct. Anal.},
  volume = {51},
  year = {1983},
  pages = {268--284}
}

@article{robinson:1984,
  author = {Robinson, D. W.},
  title = {On positive semigroups},
  journal = {Publ. Res. Inst. Math. Sci.},
  volume = {20},
  year = {1984},
  pages = {213--224}
}

@unpublished{robinson:1985,
  author = {Robinson, D. W.},
  title = {Differential operators on {C*}-algebras},
  note = {Preprint},
  address = {Canberra},
  year = {1985}
}

@article{robinsonyamamuro:1983,
  author = {Robinson, D. W. and Yamamuro, S.},
  title = {The canonical half-norm, dual half-norms, and monotonic norms},
  journal = {T{\^o}hoku Math. J.},
  volume = {35},
  year = {1983},
  pages = {375--386}
}

@article{robinsonyamamuro:1984,
  author = {Robinson, D. W. and Yamamuro, S.},
  title = {Hereditary cones, order ideals and half-norms},
  journal = {Pacific J. Math.},
  volume = {110},
  year = {1984},
  pages = {335--343}
}

@article{roth:1976,
  author = {Roth, J. P.},
  title = {Op{\'e}rateurs dissipatifs et semigroupes dans les espaces de fonctions continues},
  journal = {Ann. Inst. Fourier (Grenoble)},
  volume = {26},
  year = {1976},
  pages = {1--97}
}

@incollection{roth:1978,
  author = {Roth, J. P.},
  title = {Les operateurs elliptiques comme g{\'e}n{\'e}rateurs infinit{\'e}simaux de semigroups de {Feller}},
  booktitle = {S{\'e}minaire de Th{\'e}orie du Potential, Paris No. 3},
  editor = {Hirsch, F. and Mokobodzki, G.},
  series = {Lecture Notes in Mathematics},
  volume = {681},
  pages = {234--251},
  publisher = {Springer},
  address = {Berlin-Heidelberg-New York},
  year = {1978}
}