@article{watanabe:1982,
  author = {Watanabe, S.},
  title = {Asymptotic behaviour and eigenvalues of dynamical semigroups on operator algebras},
  journal = {J. Math. Anal. Appl.},
  volume = {86},
  year = {1982},
  pages = {411--424}
}

@article{webb:1977,
  author = {Webb, G. F.},
  title = {Volterra integral equations and nonlinear semigroups},
  journal = {Nonlinear Analysis},
  volume = {1},
  year = {1977},
  pages = {415--427}
}

@incollection{webb:1984,
  author = {Webb, G. F.},
  title = {A semigroup approach to the {Sharpe-Lotka} theorem},
  booktitle = {Infinitedimensional Systems},
  editor = {Kappel, F. and Schappacher, W.},
  series = {Lecture Notes in Mathematics},
  volume = {1076},
  pages = {254--268},
  publisher = {Springer},
  address = {Berlin-Heidelberg-New York},
  year = {1984},
  note = {Retzhof 1983}
}

@book{webb:1985a,
  author = {Webb, G. F.},
  title = {Theory of Nonlinear Age-Dependent Population Dynamics},
  publisher = {Marcel Dekker},
  address = {New York},
  year = {1985}
}

@unpublished{webb:1985b,
  author = {Webb, G. F.},
  title = {An operator-theoretic formulation of asynchronous exponential growth},
  note = {Preprint},
  year = {1985}
}

@book{widder:1946,
  author = {Widder, D. V.},
  title = {The {Laplace} Transform},
  publisher = {Princeton University Press},
  address = {Princeton, N.J.},
  year = {1946}
}

@book{widder:1971,
  author = {Widder, D. V.},
  title = {An Introduction to Transform Theory},
  publisher = {Academic Press},
  address = {New York},
  year = {1971}
}

@article{wielandt:1950,
  author = {Wielandt, H.},
  title = {Unzerlegbare, nicht-negative {Matrizen}},
  journal = {Math. Z.},
  volume = {52},
  year = {1950},
  pages = {642--648}
}

@article{winkler:1973,
  author = {Winkler, W.},
  title = {A note on continuous one-parameter zero-two law},
  journal = {Ann. Prob.},
  volume = {1},
  year = {1973},
  pages = {341--344}
}

@article{wolff:1978,
  author = {Wolff, M. P. H.},
  title = {On {$C_0$}-semigroups of lattice homomorphisms on a {Banach} lattice},
  journal = {Math. Z.},
  volume = {164},
  year = {1978},
  pages = {69--80}
}

@incollection{wolff:1981,
  author = {Wolff, M. P. H.},
  title = {A remark on the spectral bound of the generator of a semigroup of positive operators with application to stability theory},
  booktitle = {Functional Analysis and Approximation},
  editor = {Butzer, P. L. and Sz.-Nagy, B. and G{\"o}rlich, E.},
  subtitle = {Proceedings of the Conference in Oberwolfach 1980},
  pages = {39--50},
  publisher = {Birkh{\"a}user},
  address = {Basel-Boston-Stuttgart},
  year = {1981}
}