@phdthesis{uhlig:1979,
  author = {Uhlig, H.},
  title = {Derivationen und {Verbandshalbgruppen}},
  school = {Universit{\"a}t T{\"u}bingen},
  year = {1979}
}

@article{vidav:1970,
  author = {Vidav, I.},
  title = {Spectra of perturbed semigroups with applications to transport theory},
  journal = {J. Math. Anal. Appl.},
  volume = {30},
  year = {1970},
  pages = {264--279}
}

@article{villellabressan:1985,
  author = {Villella-Bressan, R.},
  title = {Functional equation of delay type in {$L^1$}-spaces},
  journal = {Ann. Polon. Math.},
  volume = {45},
  year = {1985},
  pages = {93--104}
}

@article{voigt:1980,
  author = {Voigt, J.},
  title = {A perturbation theorem for the essential spectral radius of strongly continuous semigroups},
  journal = {Monatsh. Math.},
  volume = {90},
  year = {1980},
  pages = {153--161}
}

@article{voigt:1982,
  author = {Voigt, J.},
  title = {On the abszissa of convergence for the {Laplace} transform of vector valued measures},
  journal = {Arch. Math. (Basel)},
  volume = {39},
  year = {1982},
  pages = {455--462}
}

@article{voigt:1984a,
  author = {Voigt, J.},
  title = {Positivity in time dependent linear transport theory},
  journal = {Acta Appl. Math.},
  volume = {2},
  year = {1984},
  pages = {311--331}
}

@article{voigt:1984b,
  author = {Voigt, J.},
  title = {Spectral properties of the neutron transport equations},
  journal = {J. Math. Anal. Appl.},
  year = {1984},
  note = {To appear}
}

@unpublished{voigt:1984c,
  author = {Voigt, J.},
  title = {Absorption semigroups, their generators and {Schr{\"o}dinger} semigroups},
  note = {Preprint},
  year = {1984}
}

@article{voigt:1984d,
  author = {Voigt, J.},
  title = {On substochastic {$C_0$}-semigroups and their generators},
  journal = {Semesterbericht Funktionalanalysis},
  address = {T{\"u}bingen},
  year = {1984},
  pages = {71--85},
  note = {Wintersemester 1984/1985}
}

@article{voigt:1985,
  author = {Voigt, J.},
  title = {Interpolation for positive {$C_0$}-semigroups on {$L^p$}-spaces},
  journal = {Math. Z.},
  volume = {188},
  year = {1985},
  pages = {283--286}
}