% Complete Bibliography
% Created on January 14, 2025

@book{abraham:1978,
  author    = {Abraham, R. and Marsden, J.E.},
  title     = {Foundations of Mechanics},
  year      = {1978},
  publisher = {Benjamin/Cummings},
  address   = {London-Amsterdam}
}

@article{abramovich:1983,
  author  = {Abramovich, Y.A.},
  title   = {Multiplicative representation of disjointness preserving operators},
  journal = {Indagationes Mathematicae},
  volume  = {45},
  year    = {1983},
  pages   = {265-279}
}

@article{akemannetal:1972,
  author  = {Akemann, C.A. and Dodds, P.G. and Gamlen, J.L.B.},
  title   = {Weak compactness in the dual space of a {W*}-algebra},
  journal = {Journal of Functional Analysis},
  volume  = {16},
  year    = {1972},
  pages   = {446-450}
}

@article{ando:1961,
  author  = {Ando, T.},
  title   = {Convergent sequences of finitely additive measures},
  journal = {Pacific Journal of Mathematics},
  volume  = {11},
  year    = {1961},
  pages   = {395-404}
}

@article{albeverio:1978,
  author  = {Albeverio, S. and Hoegh-Krohn, R.},
  title   = {Frobenius theory for positive maps on von {N}eumann algebras},
  journal = {Communications in Mathematical Physics},
  volume  = {64},
  year    = {1978},
  pages   = {83-94}
}

@article{amann:1976,
  author  = {Amann, H.},
  title   = {Fixed point equations and nonlinear eigenvalue problems in ordered {B}anach spaces},
  journal = {SIAM Review},
  volume  = {18},
  year    = {1976},
  pages   = {620-709}
}

@article{amann:1983,
  author  = {Amann, H.},
  title   = {Dual semigroups and second order linear elliptic boundary value problems},
  journal = {Israel Journal of Mathematics},
  volume  = {45},
  year    = {1983},
  pages   = {225-254}
}

@article{arendt:1982,
  author  = {Arendt, W.},
  title   = {Kato's equality and spectral decomposition for positive {$C_0$}-groups},
  journal = {Manuscripta Mathematica},
  volume  = {40},
  year    = {1982},
  pages   = {277-298}
}

@article{arendt:1983,
  author  = {Arendt, W.},
  title   = {Spectral properties of {L}amperti operators},
  journal = {Indiana University Mathematics Journal},
  volume  = {32},
  year    = {1983},
  pages   = {199-215}
}

@incollection{arendt:1984a,
  author    = {Arendt, W.},
  title     = {Generators of positive semigroups},
  booktitle = {Infinite-dimensional Systems, Retahof 1983},
  editor    = {Kappel, F. and Schappacher, W.},
  series    = {Lecture Notes in Mathematics},
  volume    = {1076},
  pages     = {1-15},
  publisher = {Springer},
  address   = {Berlin-Heidelberg-New York},
  year      = {1984}
}

@article{arendt:1984b,
  author  = {Arendt, W.},
  title   = {Kato's inequality: {A} characterization of generators of positive semigroups},
  journal = {Proceedings of the Royal Irish Academy. Section A},
  volume  = {84},
  year    = {1984},
  pages   = {155-174}
}

@techreport{arendt:1984c,
  author      = {Arendt, W.},
  title       = {Resolvent positive operators and integrated semigroups},
  institution = {Universität Tübingen},
  type        = {Semesterbericht Funktionalanalysis},
  year        = {1984},
  pages       = {73-101}
}

@techreport{arendt:1985,
  author      = {Arendt, W.},
  title       = {Resolvent positive operators},
  institution = {Universität Tübingen},
  type        = {Preprint},
  year        = {1985}
}

@article{arendtetal:1982,
  author  = {Arendt, W. and Chernoff, P. and Kato, T.},
  title   = {A generalization of dissipativity and positive semigroups},
  journal = {Journal of Operator Theory},
  volume  = {8},
  year    = {1982},
  pages   = {167-180}
}

@article{arendtgreiner:1984,
  author  = {Arendt, W. and Greiner, G.},
  title   = {The spectral mapping theorem for one-parameter groups of positive operators on {C(X)}},
  journal = {Semigroup Forum},
  volume  = {30},
  year    = {1984},
  pages   = {297-330}
}

@techreport{arinokimmel:1985,
  author = {Arino, O. and Kimmel, M.},
  title  = {Asymptotic analysis of a cell-cycle model based on unequal division},
  type   = {Preprint},
  year   = {1985}
}

@book{asimow:1980,
  author    = {Asimow, L. and Ellis, A.J.},
  title     = {Convexity Theory and its Applications in Functional Analysis},
  publisher = {Academic Press},
  address   = {London-New York-San Francisco},
  year      = {1980}
}

@phdthesis{axmann:1980,
  author = {Axmann, D.},
  title  = {Struktur- und Ergodentheorie irreduzibler Operatoren auf {B}anachverbänden},
  school = {Universität Tübingen},
  year   = {1980}
}