% ln-additional.bib
% Hier kommen nur die Eintr√§ge, die am Ende erscheinen sollen
% und nicht in den Kapiteln zitiert werden

@book{zusatz:2024,
  author    = {Autor, A.},
  title     = {Wichtiges aber nicht zitiertes Werk},
  year      = {2024},
  publisher = {Verlag}
}