
@Book{		  schaefer-en:1974,
  address	= {New York-Heidelberg-Berlin},
  author	= {Schaefer, H. H.},
  publisher	= {Springer},
  title		= {Banach Lattices and Positive Operators},
  year		= {1974}
}

@Book{		  meyer-nieberg:1991,
  author	= {Meyer-Nieberg, Peter},
  title		= {{B}anach {L}attices},
  year		= {1991},
  publisher	= {Berlin etc.: Springer-Verlag},
  zbmath	= {51953},
  zbl		= {0743.46015}
}

@Book{		  aliprantis:2006,
  author	= {Aliprantis, Charalambos D. and Burkinshaw, Owen},
  title		= {Positive operators},
  year		= {2006},
  publisher	= {Springer},
  zbmath	= {5061163},
  zbl		= {1098.47001}
}

@Book{		  zaanen-en:1997,
  author	= {Zaanen, Adriaan C.},
  title		= {Introduction to operator theory in {Riesz} spaces},
  year		= {1997},
  publisher	= {Springer},
  zbmath	= {967648},
  zbl		= {0878.47022}
}
