%% -- 
%% -- Literatur f√ºr enotes
%% --
@Book{		  schaefer-en:1974,
  address	= {New York-Heidelberg-Berlin},
  author	= {Schaefer, H. H.},
  publisher	= {Springer},
  title		= {Banach Lattices and Positive Operators},
  year		= {1974}
}

@book{meyer-nieberg:1991,
author = {Meyer-Nieberg, Peter},
title = {{B}anach {L}attices},
fseries = {Universitext},
series = {Universitext},
issn = {0172-5939},
isbn = {3-540-54201-9},
year = {1991},
publisher = {Berlin etc.: Springer-Verlag},
language = {English},
keywords = {46B42,47-02,46-02,47B65,47B07,46A40},
zbMATH = {51953},
Zbl = {0743.46015}
}


@book{aliprantis:2006,
author = {Aliprantis, Charalambos D. and Burkinshaw, Owen},
title = {Positive operators},
edition = {Reprint of the 1985 original},
isbn = {1-4020-5007-0},
year = {2006},
publisher = {Berlin: Springer},
language = {English},
keywords = {47-02,47B65,47B60,46A40,46B42},
zbMATH = {5061163},
Zbl = {1098.47001}
}

@book{zaanen-en:1997,
author = {Zaanen, Adriaan C.},
title = {Introduction to operator theory in {Riesz} spaces},
isbn = {3-540-61989-5},
year = {1997},
publisher = {Berlin: Springer},
language = {English},
keywords = {47B60,46B40,47-02,46-02,46A40,47B65,46B42},
zbMATH = {967648},
Zbl = {0878.47022}
}