@book{lamperti:1977,
  author = {Lamperti, J.},
  title = {Stochastic Processes},
  publisher = {Springer},
  address = {Berlin-Heidelberg-New York},
  year = {1977}
}

@article{delaubenfels:1984,
  author = {de Laubenfels, R.},
  title = {Well behaved derivation on {C[0,1]}},
  journal = {Pacific J. Math.},
  volume = {115},
  year = {1984},
  pages = {73--80}
}

@article{leader:1954,
  author = {Leader, S.},
  title = {On the infinitesimal generators of a semigroups of positive transformations with local character condition},
  journal = {Proc. Amer. Math. Soc.},
  volume = {5},
  year = {1954},
  pages = {401--406}
}

@article{lin:1974,
  author = {Lin, M.},
  title = {On the uniform ergodic theorem {II}},
  journal = {Proc. Amer. Math. Soc.},
  volume = {46},
  year = {1974},
  pages = {217--225}
}

@article{lin:1975,
  author = {Lin, M.},
  title = {Quasicompactness and uniform ergodicity of {Markov} operators},
  journal = {Ann. Inst. H. Poincar{\'e} Sect. B},
  volume = {11},
  year = {1975},
  pages = {345--354}
}

@article{linetal:1977,
  author = {Lin, M. and Montgomery, J. and Sine, R.},
  title = {Change of velocity and ergodicity in flows and in {Markov} semi-groups},
  journal = {Z. Wahrsch. Verw. Gebiete},
  volume = {39},
  year = {1977},
  pages = {197--211}
}

@article{lindblad:1976,
  author = {Lindblad, G.},
  title = {On the generators of quantum dynamical semigroups},
  journal = {Comm. Math. Phys.},
  volume = {48},
  year = {1976},
  pages = {119--130}
}

@book{lindenstraustzafriri:1979,
  author = {Lindenstrauss, J. and Tzafriri, L.},
  title = {Classical {Banach} Spaces {II}, Function Spaces},
  publisher = {Springer},
  address = {Berlin-Heidelberg-New York},
  year = {1979}
}

@article{lotz:1981,
  author = {Lotz, H. P.},
  title = {Uniform ergodic theorems for {Markov} operators on {$C(X)$}},
  journal = {Math. Z.},
  volume = {178},
  year = {1981},
  pages = {145--156}
}

@unpublished{lotz:1982,
  author = {Lotz, H. P.},
  title = {Uniform convergence of operators on {$L^{\infty}$}},
  note = {Semesterbericht Funktionalanalysis},
  address = {T{\"u}bingen},
  year = {1982}
}

@incollection{lotz:1984,
  author = {Lotz, H. P.},
  title = {Tauberian theorems for operators on {$L^{\infty}$} and similar spaces},
  booktitle = {Functional Analysis, Surveys and Recent Results III},
  editor = {Bierstedt, K. D. and Fuchssteiner, E.},
  publisher = {North Holland},
  address = {Amsterdam},
  year = {1984}
}

@article{lotz:1985,
  author = {Lotz, H. P.},
  title = {Uniform convergence of operators on {$L^{\infty}$} and similar spaces},
  journal = {Math. Z.},
  volume = {190},
  year = {1985},
  pages = {207--220}
}

@incollection{lotz:1986,
  author = {Lotz, H. P.},
  title = {Positive linear operators on {$L^p$} and the {Doeblin} condition},
  booktitle = {Aspects of Positivity in Functional Analysis},
  editor = {Nagel, R. and Schlotterbeck, U. and Wolff, M. P. H.},
  publisher = {North Holland},
  address = {Amsterdam},
  year = {1986}
}

@article{lumer:1974a,
  author = {Lumer, G.},
  title = {Perturbations de g{\'e}n{\'e}rateurs infinit{\'e}simaux du type ``changement de temps''},
  journal = {Ann. Inst. Fourier (Grenoble)},
  volume = {23},
  year = {1974},
  pages = {271--279}
}

@article{lumer:1974b,
  author = {Lumer, G.},
  title = {Probl{\`e}me de {Cauchy} pour op{\'e}rateurs locaux et ``changement de temps''},
  journal = {Ann. Inst. Fourier (Grenoble)},
  volume = {23},
  year = {1974},
  pages = {409--466}
}

@article{lumerphillips:1961,
  author = {Lumer, G. and Phillips, R. S.},
  title = {Dissipative operators in a {Banach} space},
  journal = {Pacific J. Math.},
  volume = {11},
  year = {1961},
  pages = {679--698}
}

@book{luxemburg:1979,
  author = {Luxemburg, W. A. J.},
  title = {Some Aspects of the Theory of {Riesz} Spaces},
  series = {The University of Arkansas Lecture Notes in Mathematics},
  volume = {4},
  address = {Fayetteville},
  year = {1979}
}