
@Book{		  bourbaki:1955,
  address	= {Paris},
  author	= {Bourbaki, N.},
  publisher	= {Hermann},
  title		= {{\'E}l{\'e}ments des Math{\'e}matiques, Int{\'e}gration,
		  Chapitre 5: Int{\'e}gration des Mesures},
  year		= {1955}
}

@Book{		  brattelirobinson:1979,
  address	= {New York-Heidelberg-Berlin},
  author	= {Bratteli, O. and Robinson, D.W.},
  date-modified	= {2025-01-20 15:33:22 +0100},
  note		= {Volume II published 1981},
  publisher	= {Springer},
  title		= {Operator Algebras and Quantum Statistical Mechanics {I}},
  year		= {1979}
}

@Book{		  davies:1976,
  address	= {London-New York-San Francisco},
  author	= {Davies, E.B.},
  publisher	= {Academic Press},
  title		= {Quantum Theory of Open Systems},
  year		= {1976}
}

@Book{		  davies:1980,
  address	= {London-New York-San Francisco},
  author	= {Davies, E.B.},
  publisher	= {Academic Press},
  title		= {One-parameter Semigroups},
  year		= {1980}
}

@Article{	  oseledets:1984,
  author	= {Oseledets, V. I.},
  journal	= {J. Soviet Math.},
  pages		= {1529--1557},
  title		= {Completely positive linear maps, non {Hamiltonian}
		  evolution and quantum stochastic processes},
  volume	= {25},
  year		= {1984}
}

@Book{		  pedersen:1979,
  address	= {London, New York, San Francisco},
  author	= {Pedersen, G. K.},
  publisher	= {Academic Press},
  title		= {{C*}-Algebras and their Automorphism Groups},
  year		= {1979}
}

@Book{		  sakai:1971,
  address	= {Berlin-Heidelberg-New York},
  author	= {Sakai, S.},
  publisher	= {Springer},
  title		= {{C*}-Algebras and {$W^*$}-Algebras},
  year		= {1971}
}

@Book{		  takesaki:1979,
  address	= {New York-Heidelberg-Berlin},
  author	= {Takesaki, M.},
  publisher	= {Springer},
  title		= {Theory of Operator Algebras {I}},
  year		= {1979}
}

@Book{		  bourbaki:1955,
  address	= {Paris},
  author	= {Bourbaki, N.},
  publisher	= {Hermann},
  title		= {{\'E}l{\'e}ments des Math{\'e}matiques, Int{\'e}gration,
		  Chapitre 5: Int{\'e}gration des Mesures},
  year		= {1955}
}

@Book{		  brattelirobinson:1979,
  address	= {New York-Heidelberg-Berlin},
  author	= {Bratteli, O. and Robinson, D.W.},
  date-modified	= {2025-01-20 15:33:22 +0100},
  note		= {Volume II published 1981},
  publisher	= {Springer},
  title		= {Operator Algebras and Quantum Statistical Mechanics {I}},
  year		= {1979}
}

@Book{		  davies:1976,
  address	= {London-New York-San Francisco},
  author	= {Davies, E.B.},
  publisher	= {Academic Press},
  title		= {Quantum Theory of Open Systems},
  year		= {1976}
}

@Book{		  davies:1980,
  address	= {London-New York-San Francisco},
  author	= {Davies, E.B.},
  publisher	= {Academic Press},
  title		= {One-parameter Semigroups},
  year		= {1980}
}

@Article{	  oseledets:1984,
  author	= {Oseledets, V. I.},
  journal	= {J. Soviet Math.},
  pages		= {1529--1557},
  title		= {Completely positive linear maps, non {Hamiltonian}
		  evolution and quantum stochastic processes},
  volume	= {25},
  year		= {1984}
}

@Book{		  pedersen:1979,
  address	= {London, New York, San Francisco},
  author	= {Pedersen, G. K.},
  publisher	= {Academic Press},
  title		= {{C*}-Algebras and their Automorphism Groups},
  year		= {1979}
}

@Book{		  sakai:1971,
  address	= {Berlin-Heidelberg-New York},
  author	= {Sakai, S.},
  publisher	= {Springer},
  title		= {{C*}-Algebras and {$W^*$}-Algebras},
  year		= {1971}
}

@Book{		  takesaki:1979,
  address	= {New York-Heidelberg-Berlin},
  author	= {Takesaki, M.},
  publisher	= {Springer},
  title		= {Theory of Operator Algebras {I}},
  year		= {1979}
}

@Book{		  bourbaki:1955,
  address	= {Paris},
  author	= {Bourbaki, N.},
  publisher	= {Hermann},
  title		= {{\'E}l{\'e}ments des Math{\'e}matiques, Int{\'e}gration,
		  Chapitre 5: Int{\'e}gration des Mesures},
  year		= {1955}
}

@Book{		  brattelirobinson:1979,
  address	= {New York-Heidelberg-Berlin},
  author	= {Bratteli, O. and Robinson, D.W.},
  date-modified	= {2025-01-20 15:33:22 +0100},
  note		= {Volume II published 1981},
  publisher	= {Springer},
  title		= {Operator Algebras and Quantum Statistical Mechanics {I}},
  year		= {1979}
}

@Book{		  davies:1976,
  address	= {London-New York-San Francisco},
  author	= {Davies, E.B.},
  publisher	= {Academic Press},
  title		= {Quantum Theory of Open Systems},
  year		= {1976}
}

@Book{		  davies:1980,
  address	= {London-New York-San Francisco},
  author	= {Davies, E.B.},
  publisher	= {Academic Press},
  title		= {One-parameter Semigroups},
  year		= {1980}
}

@Article{	  oseledets:1984,
  author	= {Oseledets, V. I.},
  journal	= {J. Soviet Math.},
  pages		= {1529--1557},
  title		= {Completely positive linear maps, non {Hamiltonian}
		  evolution and quantum stochastic processes},
  volume	= {25},
  year		= {1984}
}

@Book{		  pedersen:1979,
  address	= {London, New York, San Francisco},
  author	= {Pedersen, G. K.},
  publisher	= {Academic Press},
  title		= {{C*}-Algebras and their Automorphism Groups},
  year		= {1979}
}

@Book{		  sakai:1971,
  address	= {Berlin-Heidelberg-New York},
  author	= {Sakai, S.},
  publisher	= {Springer},
  title		= {{C*}-Algebras and {$W^*$}-Algebras},
  year		= {1971}
}

@Book{		  takesaki:1979,
  address	= {New York-Heidelberg-Berlin},
  author	= {Takesaki, M.},
  publisher	= {Springer},
  title		= {Theory of Operator Algebras {I}},
  year		= {1979}
}

@Book{		  bourbaki:1955,
  author	= {Bourbaki, N.},
  title		= {Éléments des Mathématiques, Intégration, Chapitre 5:
		  Intégration des Mesures},
  publisher	= {Hermann},
  address	= {Paris},
  year		= {1955}
}

@Book{		  brattelirobinson:1979,
  author	= {Bratteli, O. and Robinson, D.W.},
  title		= {Operator Algebras and Quantum Statistical Mechanics {I}},
  publisher	= {Springer},
  address	= {New York-Heidelberg-Berlin},
  year		= {1979},
  note		= {Volume II published 1981}
}

@Book{		  davies:1976,
  author	= {Davies, E.B.},
  title		= {Quantum Theory of Open Systems},
  publisher	= {Academic Press},
  address	= {London-New York-San Francisco},
  year		= {1976}
}

@Book{		  davies:1980,
  author	= {Davies, E.B.},
  title		= {One-parameter Semigroups},
  publisher	= {Academic Press},
  address	= {London-New York-San Francisco},
  year		= {1980}
}

@Article{	  oseledets:1984,
  author	= {Oseledets, V. I.},
  title		= {Completely positive linear maps, non {Hamiltonian}
		  evolution and quantum stochastic processes},
  journal	= {J. Soviet Math.},
  volume	= {25},
  year		= {1984},
  pages		= {1529--1557}
}

@Book{		  pedersen:1979,
  author	= {Pedersen, G. K.},
  title		= {{C*}-Algebras and their Automorphism Groups},
  publisher	= {Academic Press},
  address	= {London, New York, San Francisco},
  year		= {1979}
}

@Book{		  sakai:1971,
  author	= {Sakai, S.},
  title		= {{C*}-Algebras and {$W^*$}-Algebras},
  publisher	= {Springer},
  address	= {Berlin-Heidelberg-New York},
  year		= {1971}
}

@Book{		  takesaki:1979,
  author	= {Takesaki, M.},
  title		= {Theory of Operator Algebras {I}},
  publisher	= {Springer},
  address	= {New York-Heidelberg-Berlin},
  year		= {1979}
}
