@article{sackersell:1978,
  author = {Sacker, R. J. and Sell, G. R.},
  title = {A spectral theory for linear differential systems},
  journal = {J. Differential Equations},
  volume = {27},
  year = {1978},
  pages = {320--358}
}

@book{sakai:1971,
  author = {Sakai, S.},
  title = {{C*}-Algebras and {$W^*$}-Algebras},
  publisher = {Springer},
  address = {Berlin-Heidelberg-New York},
  year = {1971}
}

@article{sato:1968,
  author = {Sato, K. I.},
  title = {On the generators of non-negative contraction semigroups in {Banach} lattices},
  journal = {J. Math. Soc. Japan},
  volume = {20},
  year = {1968},
  pages = {423--436}
}

@article{sato:1970a,
  author = {Sato, K. I.},
  title = {On dispersive operators in {Banach} lattices},
  journal = {Pacific J. Math.},
  volume = {33},
  year = {1970},
  pages = {429--443}
}

@article{sato:1970b,
  author = {Sato, K. I.},
  title = {Positive pseudo-resolvents in {Banach} lattices},
  journal = {J. Fac. Sci. Univ. Tokyo Sect. I A Math.},
  volume = {17},
  year = {1970},
  pages = {305--313}
}

@article{sawashima:1964,
  author = {Sawashima, I.},
  title = {On spectral properties of some positive operators},
  journal = {Natur. Sci. Rep. Ochanomizu Univ.},
  volume = {15},
  year = {1964},
  pages = {53--64}
}

@article{scarpellini:1974,
  author = {Scarpellini, B.},
  title = {On the spectra of certain semigroups},
  journal = {Math. Ann.},
  volume = {211},
  year = {1974},
  pages = {323--336}
}

@book{schaefer:1966,
  author = {Schaefer, H. H.},
  title = {Topological Vector Spaces},
  year = {1966},
  note = {4th printing: New York-Heidelberg-Berlin: Springer 1980}
}

@article{schaefer:1968,
  author = {Schaefer, H. H.},
  title = {Invariant ideals of positive operators in {C(X)}, {II}},
  journal = {Illinois J. Math.},
  volume = {12},
  year = {1968},
  pages = {525--538}
}

@book{schaefer:1974,
  author = {Schaefer, H. H.},
  title = {Banach Lattices and Positive Operators},
  publisher = {Springer},
  address = {New York-Heidelberg-Berlin},
  year = {1974}
}

@article{schaefer:1980,
  author = {Schaefer, H. H.},
  title = {Ordnungsstrukturen in der {Operatorentheorie}},
  journal = {Jahresber. Deutsch. Math.-Verein.},
  volume = {82},
  year = {1980},
  pages = {33--50}
}

@incollection{schaefer:1982,
  author = {Schaefer, H. H.},
  title = {Some recent results on positive groups and semi-groups},
  booktitle = {From {A} to {Z}},
  subtitle = {Proceedings of the Symposium in Honour of {A.C.} {Zaanen}},
  editor = {Huijsmans, C. R. and Kaashoek, M. A. and Luxemburg, W. A. J. and Vietsch, W. K.},
  series = {Mathematical Centre Tracts},
  volume = {149},
  pages = {69--79},
  publisher = {Mathematical Centre},
  address = {Amsterdam},
  year = {1982}
}

@unpublished{schaefer:1985,
  author = {Schaefer, H. H.},
  title = {Existence of spectral values for irreducible {$C_0$}-semigroups},
  note = {Preprint},
  address = {T{\"u}bingen},
  year = {1985}
}

@article{schaeferetal:1978,
  author = {Schaefer, H. H. and Wolff, M. P. H. and Arendt, W.},
  title = {On lattice isomorphisms with positive real spectrum and groups of positive operators},
  journal = {Math. Z.},
  volume = {164},
  year = {1978},
  pages = {115--123}
}

@article{schep:1985,
  author = {Schep, A. R.},
  title = {Weak {Kato}-inequalities and positive semigroups},
  journal = {Math. Z.},
  volume = {190},
  year = {1985},
  pages = {305--314}
}

@article{seever:1973,
  author = {Seever, G. L.},
  title = {Measures on {F}-spaces},
  journal = {Trans. Amer. Math. Soc.},
  volume = {133},
  year = {1973},
  pages = {267--280}
}

@book{semadeni:1971,
  author = {Semadeni, Z.},
  title = {Banach Spaces of Continuous Functions},
  publisher = {Polish Scientific Publishers},
  address = {Warszawa},
  year = {1971}
}

@article{simon:1973,
  author = {Simon, B.},
  title = {Ergodic semigroups and positivity preserving self-adjoint operators},
  journal = {J. Funct. Anal.},
  volume = {12},
  year = {1973},
  pages = {335--339}
}

@article{simon:1977,
  author = {Simon, B.},
  title = {An abstract {Kato's} inequality for generators of positivity preserving semigroups},
  journal = {Indiana Univ. Math. J.},
  volume = {26},
  year = {1977},
  pages = {1067--1073}
}

@article{simon:1979,
  author = {Simon, B.},
  title = {{Kato's} inequality and the comparison of semigroups},
  journal = {J. Funct. Anal.},
  volume = {32},
  year = {1979},
  pages = {97--101}
}

@article{simon:1982,
  author = {Simon, B.},
  title = {{Schr{\"o}dinger} semigroups},
  journal = {Bull. Amer. Math. Soc.},
  volume = {7},
  year = {1982},
  pages = {447--526}
}

@article{slemrod:1976,
  author = {Slemrod, M.},
  title = {Asymptotic behavior of {$C_0$}-semigroups as determined by the spectrum of the generator},
  journal = {Indiana Univ. Math. J.},
  volume = {25},
  year = {1976},
  pages = {783--892}
}

@article{stern:1982,
  author = {Stern, R. J.},
  title = {A note on positively invariant cones},
  journal = {Appl. Math. Optim.},
  volume = {9},
  year = {1982},
  pages = {67--72}
}

@article{stewart:1974,
  author = {Stewart, H. B.},
  title = {Generation of analytic semigroups by strongly elliptic operators},
  journal = {Trans. Amer. Math. Soc.},
  volume = {199},
  year = {1974},
  pages = {141--162}
}

@article{stormer:1972,
  author = {St{\o}rmer, E.},
  title = {On projection maps on von {Neumann} algebras},
  journal = {Math. Scand.},
  volume = {50},
  year = {1972},
  pages = {42--50}
}