@article{fattorini:1969a,
  author  = {Fattorini, H.O.},
  title   = {Ordinary differential equations in linear topological spaces, {I}},
  journal = {Journal of Differential Equations},
  volume  = {5},
  year    = {1969},
  pages   = {72-105}
}

@article{fattorini:1969b,
  author  = {Fattorini, H.O.},
  title   = {Ordinary differential equations in linear topological spaces, {II}},
  journal = {Journal of Differential Equations},
  volume  = {6},
  year    = {1969},
  pages   = {50-70}
}

@book{fattorini:1983,
  author    = {Fattorini, H.O.},
  title     = {The {C}auchy {P}roblem},
  publisher = {Addison-Wesley},
  address   = {Reading, Massachusetts},
  year      = {1983}
}

@article{feller:1952,
  author  = {Feller, W.},
  title   = {The parabolic differential equation and the associated semigroups of transformations},
  journal = {Annals of Mathematics},
  volume  = {55},
  year    = {1952},
  pages   = {468-519}
}

@article{feller:1953a,
  author  = {Feller, W.},
  title   = {On the generation of unbounded semigroups of bounded linear operators},
  journal = {Annals of Mathematics},
  volume  = {58},
  year    = {1953},
  pages   = {166-174}
}

@article{feller:1953b,
  author  = {Feller, W.},
  title   = {On positivity preserving semigroups of transformations on {$C[r_1,r_2]$}},
  journal = {Annales Societatis Mathematicae Polonae},
  volume  = {25},
  year    = {1953},
  pages   = {85-94}
}

@article{feller:1954a,
  author  = {Feller, W.},
  title   = {The general diffusion operator of positivity preserving semigroups in one dimension},
  journal = {Annals of Mathematics},
  volume  = {60},
  year    = {1954},
  pages   = {417-436}
}

@article{feller:1954b,
  author  = {Feller, W.},
  title   = {Diffusion processes in one dimension},
  journal = {Transactions of the American Mathematical Society},
  volume  = {77},
  year    = {1954},
  pages   = {1-31}
}

@article{feller:1955,
  author  = {Feller, W.},
  title   = {On second order differential operators},
  journal = {Annals of Mathematics},
  volume  = {61},
  year    = {1955},
  pages   = {90-105}
}

@article{feller:1956,
  author  = {Feller, W.},
  title   = {Boundaries induced by non-negative matrices},
  journal = {Transactions of the American Mathematical Society},
  volume  = {83},
  year    = {1956},
  pages   = {19-54}
}

@incollection{feller:1957,
  author    = {Feller, W.},
  title     = {On boundaries defined by stochastic matrices},
  booktitle = {Applied Probability},
  series    = {Proceedings of Symposia in Applied Mathematics},
  volume    = {7},
  pages     = {35-40},
  publisher = {McGraw Hill},
  address   = {New York},
  year      = {1957}
}

@article{feller:1959,
  author  = {Feller, W.},
  title   = {Differential operators with the positive maximum property},
  journal = {Illinois Journal of Mathematics},
  volume  = {3},
  year    = {1959},
  pages   = {182-186}
}

@book{fisher:1983,
  author    = {Fisher, S.D.},
  title     = {Function Theory on Planar Domains},
  publisher = {Wiley},
  address   = {New York},
  year      = {1983}
}

@article{foias:1973,
  author  = {Foias, C.},
  title   = {Sur une question de {M}. {R}eghis},
  journal = {Analele Universităţii din Timişoara, Seria Ştiinţe Matematice},
  volume  = {11},
  year    = {1973},
  pages   = {111-114}
}

@article{frigerioverri:1982,
  author  = {Frigerio, A. and Verri, M.},
  title   = {Long-time asymptotic properties of dynamical semigroups on {$W^*$}-algebras},
  journal = {Mathematische Zeitschrift},
  volume  = {180},
  year    = {1982},
  pages   = {275-286}
}

@article{frobenius:1909,
  author  = {Frobenius, G.},
  title   = {{\"U}ber {M}atrizen aus positiven {E}lementen},
  journal = {Sitzungsberichte der Preußischen Akademie der Wissenschaften, Physikalisch-Mathematische Klasse},
  year    = {1909},
  pages   = {514-518},
  note    = {Earlier version appeared in 1908, pp. 471-476}
}

@book{fukushima:1982,
  author    = {Fukushima, M.},
  title     = {Dirichlet Forms and {M}arkov Processes},
  publisher = {North Holland},
  address   = {London},
  year      = {1980}
}