@article{kadison:1965,
  author = {Kadison, R. V.},
  title = {Transformations of states in operator theory and dynamics},
  journal = {Topology},
  volume = {3},
  year = {1965},
  pages = {177--198}
}

@article{kallman:1969,
  author = {Kallman, R. R.},
  title = {Unitary groups and automorphisms of operator algebras},
  journal = {Amer. J. Math.},
  volume = {91},
  year = {1969},
  pages = {785--806}
}

@article{kamke:1932,
  author = {Kamke, E.},
  title = {Zur Theorie der Systeme gew{\"o}hnlicher {D}ifferentalgleichungen {II}},
  journal = {Acta Math.},
  volume = {58},
  year = {1932},
  pages = {57--85}
}

@book{kaperetal:1983a,
  author = {Kaper, H. G. and Lekkerkerker, C. G. and Hejtmanek, J.},
  title = {Spectral Methods in Linear Transport Theory},
  publisher = {Birkh{\"a}user},
  address = {Basel},
  year = {1982}
}

@unpublished{kaperetal:1983b,
  author = {Kaper, H. G. and Lekkerkerker, C. G. and Hejtmanek, J.},
  title = {Recent progress on the reactor problem of linear transport theory},
  note = {Preprint},
  institution = {Argonne National Laboratory},
  year = {1983}
}

@article{karlin:1959,
  author = {Karlin, S.},
  title = {Positive operators},
  journal = {J. Math. Mech.},
  volume = {8},
  year = {1959},
  pages = {907--937}
}

@book{kato:1966,
  author = {Kato, T.},
  title = {Perturbation Theory for Linear Operators},
  year = {1966},
  note = {2nd printing: Berlin-Heidelberg-New York: Springer 1976}
}

@article{kato:1973,
  author = {Kato, T.},
  title = {Schr{\"o}dinger operators with singular potentials},
  journal = {Israel J. Math.},
  volume = {13},
  year = {1973},
  pages = {135--148}
}

@article{kato:1982,
  author = {Kato, T.},
  title = {Superconvexity of the spectral radius, and convexity of the spectral bound and the type},
  journal = {Math. Z.},
  volume = {180},
  year = {1982},
  pages = {265--273}
}

@incollection{kato:1986,
  author = {Kato, T.},
  title = {{$L^p$}-Theory of {Schr{\"o}dinger} operators with a singular potential},
  booktitle = {Aspects of Positivity in Functional Analysis},
  editor = {Nagel, R. and Schlotterbeck, U. and Wolff, M. P. H.},
  publisher = {North Holland},
  address = {Amsterdam},
  year = {1986}
}

@unpublished{katznelsontzafriri:1984,
  author = {Katznelson, Y. and Tzafriri, L.},
  title = {On power bounded operators},
  note = {Preprint},
  institution = {Hebrew University},
  address = {Jerusalem},
  year = {1984}
}

@phdthesis{kerscher:1986,
  author = {Kerscher, W.},
  title = {Retardierte {Cauchy} {Probleme}: {Ordnungseigenschaften} und {Stabilit{\"a}t} unabh{\"a}ngig von der {Verz{\"o}gerung}},
  school = {Universit{\"a}t T{\"u}bingen},
  year = {1986}
}

@article{kerschernagel:1984,
  author = {Kerscher, W. and Nagel, R.},
  title = {Asymptotic behavior of one-parameter semigroups of positive operators},
  journal = {Acta Appl. Math.},
  volume = {2},
  year = {1984},
  pages = {297--309}
}

@article{kipnis:1974,
  author = {Kipnis, C.},
  title = {Majoration des semi-groupes de contractions de {$L^1$} et applications},
  journal = {Ann. Inst. H. Poincar{\'e} Sect. B},
  volume = {10},
  year = {1974},
  pages = {369--384}
}

@article{kishimotorobinson:1980,
  author = {Kishimoto, A. and Robinson, D. W.},
  title = {Positivity and monotonicity properties of {$C_0$}-semigroups, {II}},
  journal = {Comm. Math. Phys.},
  volume = {75},
  year = {1980},
  pages = {85--101}
}

@article{kishimotorobinson:1981,
  author = {Kishimoto, A. and Robinson, D. W.},
  title = {Subordinate semigroups and order properties},
  journal = {J. Austral. Math. Soc. Ser. A},
  volume = {31},
  year = {1981},
  pages = {59--76}
}

@article{kleinlandau:1975,
  author = {Klein, A. and Landau, L. J.},
  title = {Singular perturbations of positivity preserving semigroups via path space techniques},
  journal = {J. Funct. Anal.},
  volume = {20},
  year = {1975},
  pages = {44--82}
}

@phdthesis{klein:1984,
  author = {Klein, I.},
  title = {Zur {Spektraltheorie} positiver {Halbgruppen} auf geordneten {Banachr{\"a}umen}},
  school = {Universit{\"a}t T{\"u}bingen},
  year = {1984}
}

@article{komatsu:1969,
  author = {Komatsu, H.},
  title = {Fractional powers of operators {III}, {Negative} powers},
  journal = {J. Math. Soc. Japan},
  volume = {21},
  year = {1969},
  pages = {205--228}
}

@article{konishi:1971,
  author = {Konishi, Y.},
  title = {Nonlinear semigroups in {Banach} lattices},
  journal = {Proc. Japan Acad. Ser. A Math. Sci.},
  volume = {47},
  year = {1971},
  pages = {24--28}
}

@book{krasnoselskii:1964,
  author = {Krasnosel'skii, M. A.},
  title = {Positive Solutions of Operator Equations},
  publisher = {Noordhoff},
  address = {Groningen},
  year = {1964}
}

@book{krein:1971,
  author = {Krein, S. G.},
  title = {Linear Differential Equations in {Banach} Spaces},
  series = {Translations of Mathematical Monographs},
  volume = {29},
  publisher = {American Mathematical Society},
  address = {Providence, R.I.},
  year = {1971}
}

@article{kreinkhazan:1985,
  author = {Krein, S. G. and Khazan, M. I.},
  title = {Differential equations in a {Banach} space},
  journal = {J. Soviet Math.},
  volume = {30},
  year = {1985},
  pages = {2154--2239}
}

@techreport{kreiss:1958,
  author = {Kreiss, H. O.},
  title = {{\"U}ber sachgem{\"a}sse {Cauchyprobleme} f{\"u}r {Systeme} von linearen partiellen {Differentialgleichungen}},
  institution = {Roy. Inst. Technol.},
  number = {127},
  series = {TRITA-NA},
  address = {Stockholm},
  year = {1958}
}

@article{kreiss:1959,
  author = {Kreiss, H. O.},
  title = {{\"U}ber {Matrizen} die beschr{\"a}nkte {Halbgruppen} erzeugen},
  journal = {Math. Scand.},
  volume = {7},
  year = {1959},
  pages = {71--80}
}

@book{krengel:1985,
  author = {Krengel, U.},
  title = {Ergodic Theorems},
  publisher = {de Gruyter},
  address = {Berlin, New York},
  year = {1985}
}

@article{kubokawa:1975,
  author = {Kubokawa, Y.},
  title = {Ergodic theorems for contraction semigroups},
  journal = {J. Math. Soc. Japan},
  volume = {27},
  year = {1975},
  pages = {184--193}
}

@article{kummerernagel:1979,
  author = {K{\"u}mmerer, B. and Nagel, R.},
  title = {Mean ergodic semigroups on {$W^*$}-algebras},
  journal = {Acta Sci. Math.},
  volume = {41},
  year = {1979},
  pages = {151--159}
}

@inproceedings{kuhn:1984,
  author = {Kuhn, K.},
  title = {Elliptische {Differentialoperatoren} als {Generatoren} auf {C($\Omega$)}},
  booktitle = {Semesterbericht Funktionalanalysis},
  address = {T{\"u}bingen},
  year = {1984},
  pages = {125--142},
  note = {Wintersemester 1984/1985}
}

@article{kunischschappacher:1983,
  author = {Kunisch, K. and Schappacher, W.},
  title = {Necessary conditions for partial differential equations with delay to generate {$C_0$}-semigroups},
  journal = {J. Differential Equations},
  volume = {50},
  year = {1983},
  pages = {49--79}
}

@inproceedings{kunita:1969,
  author = {Kunita, H.},
  title = {Sub-{Markov} semi-groups in {Banach} lattices},
  booktitle = {Proceedings of the Conference on Functional Analysis and Related Topics},
  pages = {332--343},
  publisher = {Tokyo Press},
  year = {1969}
}

@article{kurose:1981,
  author = {Kurose, H.},
  title = {An example of a non quasi well-behaved derivation on {$C(I)$}},
  journal = {J. Funct. Anal.},
  volume = {43},
  year = {1981},
  pages = {193--201}
}

@article{kurose:1982,
  author = {Kurose, H.},
  title = {On a closed derivation in {$C(I)$}},
  journal = {Mem. Fac. Sci. Kyushu Univ. Ser. A Math.},
  volume = {36},
  year = {1982},
  pages = {193--198}
}

@article{kurose:1983,
  author = {Kurose, H.},
  title = {Closed derivations in {$C(I)$}},
  journal = {Tohoku Math. J.},
  volume = {35},
  year = {1983},
  pages = {341--347}
}