@article{eberlein:1948,
  author  = {Eberlein, W.F.},
  title   = {Abstract ergodic theorems and weak almost periodic functions},
  journal = {Transactions of the American Mathematical Society},
  volume  = {67},
  year    = {1948},
  pages   = {217-240}
}

@article{elliot:1972,
  author  = {Elliot, G.},
  title   = {Convergence of automorphisms on certain {C*}-algebras},
  journal = {Journal of Functional Analysis},
  volume  = {11},
  year    = {1972},
  pages   = {204-206}
}

@article{evans:1976,
  author  = {Evans, D.E.},
  title   = {On the spectrum of a one-parameter strongly continuous representation},
  journal = {Mathematica Scandinavica},
  volume  = {39},
  year    = {1976},
  pages   = {80-82}
}

@article{evans:1977,
  author  = {Evans, D.E.},
  title   = {Irreducible quantum dynamical semigroups},
  journal = {Communications in Mathematical Physics},
  volume  = {54},
  year    = {1977},
  pages   = {293-297}
}

@article{evans:1984,
  author  = {Evans, D.E.},
  title   = {Quantum dynamical semigroups, symmetry groups, and locality},
  journal = {Acta Applicandae Mathematicae},
  volume  = {2},
  year    = {1984},
  pages   = {333-352}
}

@article{evanshancheolsen:1979,
  author  = {Evans, D.E. and Hanche-Olsen, H.},
  title   = {The generators of positive semigroups},
  journal = {Journal of Functional Analysis},
  volume  = {32},
  year    = {1979},
  pages   = {207-212}
}