@incollection{hadeler:1978,
  author = {Hadeler, K.-P.},
  title = {Delay-equations in biology},
  booktitle = {Functional Differential Equations and Approximation of Fixed Points},
  editor = {Peitgen, H.-O. and Walther, H.-O.},
  year = {1978},
  series = {Lecture Notes in Mathematics},
  volume = {730},
  pages = {136--156},
  publisher = {Springer},
  address = {Berlin-Heidelberg-New York}
}

@book{hale:1977,
  author = {Hale, J.},
  title = {Theory of Functional Differential Equations},
  publisher = {Springer},
  year = {1977},
  address = {New York-Heidelberg-Berlin}
}

@article{hamel:1905,
  author = {Hamel, G.},
  title = {Eine Basis aller Zahlen und die unstetigen L{\"o}sungen der Funktionalgleichung: {$f(x+y)=f(x)+f(y)$}},
  journal = {Math. Ann.},
  volume = {60},
  year = {1905},
  pages = {459--462}
}

@article{hasegawa:1966,
  author = {Hasegawa, M.},
  title = {On contraction semigroups and (di)-operators},
  journal = {J. Math. Soc. Japan},
  volume = {18},
  year = {1966},
  pages = {290--302}
}

@article{heijmans1985a,
  author = {Heijmans, H. J. A. M.},
  title = {Structured populations, linear semigroups and positivity},
  journal = {Math. Z.},
  year = {1985},
  note = {To appear}
}

@article{heijmans1985b,
  author = {Heijmans, H. J. A. M.},
  title = {An eigenvalue problem related to cell growth},
  journal = {J. Math. Anal. Appl.},
  volume = {111},
  year = {1985},
  pages = {253--280}
}

@incollection{heijmans:1986,
  author = {Heijmans, H. J. A. M.},
  title = {The dynamical behavior of the age-size distribution of a cell population},
  booktitle = {Dynamics of Physiologically structured Population},
  editor = {Metz, J. A. J. and Diekmann, O.},
  series = {Lecture Notes in Biomathematics},
  publisher = {Springer},
  year = {1986},
  note = {To appear}
}

@unpublished{hempelvoigt:1985,
  author = {Hempel, R. and Voigt, J.},
  title = {The spectrum of a {Schr\"odinger} operator in {$L_p(R^v)$} is $p$-independent},
  note = {Preprint},
  year = {1985},
  address = {M{\"u}nchen}
}

@article{herbst:1982,
  author = {Herbst, I. W.},
  title = {Contraction semigroups and the spectrum of {$A_1 \otimes I + I \otimes A_2$}},
  journal = {J. Operator Theory},
  volume = {7},
  year = {1982},
  pages = {61--78}
}

@article{herbst:1983,
  author = {Herbst, I. W.},
  title = {The spectrum of {Hilbert} space semigroups},
  journal = {J. Operator Theory},
  volume = {10},
  year = {1983},
  pages = {87--94}
}

@article{herbstsloan:1978,
  author = {Herbst, I. W. and Sloan, A. D.},
  title = {Perturbation of translation invariant positivity preserving semigroups on {$L^2(\mathbb{R}^k)$}},
  journal = {Trans. Amer. Math. Soc.},
  volume = {236},
  year = {1978},
  pages = {325--360}
}

@article{hesskato:1980,
  author = {Hess, H. and Kato, T.},
  title = {On some linear and nonlinear eigenvalue problems with an infinite weight function},
  journal = {Comm. Partial Differential Equations},
  volume = {5},
  year = {1980},
  pages = {999--1030}
}

@article{hessetal:1977,
  author = {Hess, H. and Schrader, R. and Uhlenbrock, D. A.},
  title = {Domination of semigroups and generalization of {Kato's} inequality},
  journal = {Duke Math. J.},
  volume = {44},
  year = {1977},
  pages = {893--904}
}

@book{hewittross:1963,
  author = {Hewitt, E. and Ross, K. A.},
  title = {Abstract Harmonic Analysis {I}},
  publisher = {Springer},
  address = {Berlin-Heidelberg-New York},
  year = {1963}
}

@article{hiai:1978,
  author = {Hiai, F.},
  title = {Weakly mixing properties of semigroups of linear operators},
  journal = {Kodai Math. J.},
  volume = {1},
  year = {1978},
  pages = {376--393}
}

@book{hille:1948,
  author = {Hille, E.},
  title = {Functional Analysis and Semigroups},
  series = {Colloquium Publications},
  volume = {31},
  publisher = {American Mathematical Society},
  address = {Providence, R.I.},
  year = {1948}
}

@article{hille:1952,
  author = {Hille, E.},
  title = {Une g{\'e}n{\'e}ralisation du probl{\`e}me de {Cauchy}},
  journal = {Ann. Inst. Fourier (Grenoble)},
  volume = {4},
  year = {1952},
  pages = {31--48}
}

@book{hillephillips:1957,
  author = {Hille, E. and Phillips, R. S.},
  title = {Functional Analysis and Semigroups},
  series = {Colloquium Publications},
  volume = {31},
  publisher = {American Mathematical Society},
  address = {Providence, R.I.},
  year = {1957}
}

@book{hirschsmale:1974,
  author = {Hirsch, M. W. and Smale, S.},
  title = {Differential Equations, Dynamical Systems and Linear Algebra},
  publisher = {Academic Press},
  address = {New York},
  year = {1974}
}

@article{howland:1984,
  author = {Howland, J. S.},
  title = {On a theorem of {Gearhart}},
  journal = {Integral Equations Operator Theory},
  volume = {7},
  year = {1984},
  pages = {138--142}
}

