@unpublished{yamanturo:1984,
  author = {Yamanturo, S.},
  title = {A note on positive semigroups},
  note = {Preprint},
  address = {Canberra},
  year = {1984}
}

@article{yamanturo:1985,
  author = {Yamanturo, S.},
  title = {Absolute values in orthogonally decomposable spaces},
  journal = {Bull. Austral. Math. Soc.},
  volume = {31},
  year = {1985},
  pages = {215--233}
}

@article{yosida:1948,
  author = {Yosida, K.},
  title = {On the differentiability and representation of one-parameter semi-groups of linear operators},
  journal = {J. Math. Soc. Japan},
  volume = {1},
  year = {1948},
  pages = {15--21}
}

@book{yosida:1965,
  author = {Yosida, K.},
  title = {Functional Analysis},
  year = {1965},
  note = {6th printing: Berlin-Heidelberg-New York: Springer 1980}
}

@article{yosidakakutani:1941,
  author = {Yosida, K. and Kakutani, S.},
  title = {Operator-theoretical treatment of {Markoff's} process and mean ergodic theorem},
  journal = {Ann. of Math.},
  volume = {42},
  year = {1941},
  pages = {188--228}
}

@book{zaanen:1983,
  author = {Zaanen, A. C.},
  title = {Riesz Spaces {II}},
  publisher = {North Holland},
  address = {Groningen},
  year = {1983}
}

@article{zabczyk:1975,
  author = {Zabczyk, J.},
  title = {A note on {$C_0$}-semigroups},
  journal = {Bull. Acad. Polon. Sci.},
  volume = {23},
  year = {1975},
  pages = {895--898}
}

@incollection{zabczyk:1979,
  author = {Zabczyk, J.},
  title = {Stabilization of boundary control systems},
  booktitle = {International Symposium on Systems Optimization and Analysis 1978},
  series = {Lecture Notes in Control Theory and Information},
  publisher = {Springer},
  address = {Berlin-Heidelberg-New York},
  year = {1979}
}

@book{zaidman:1979,
  author = {Zaidman, S. D.},
  title = {Abstract Differential Equations},
  publisher = {Pitman},
  address = {London},
  year = {1979}
}