@article{gearhart:1978,
  author  = {Gearhart, L.},
  title   = {Spectral theory for contraction semigroups on {H}ilbert spaces},
  journal = {Transactions of the American Mathematical Society},
  volume  = {236},
  year    = {1978},
  pages   = {385-394}
}

@book{gilbargtrudinger:1977,
  author    = {Gilbarg, D. and Trudinger, N.S.},
  title     = {Elliptic Partial Differential Equations of Second Order},
  publisher = {Springer},
  address   = {Berlin},
  year      = {1977}
}

@article{goldstein:1981,
  author  = {Goldstein, J.A.},
  title   = {Some developments in semigroups since {H}ille-{P}hillips},
  journal = {Integral Equations and Operator Theory},
  volume  = {4},
  year    = {1981},
  pages   = {350-365}
}

@book{goldstein:1985a,
  author    = {Goldstein, J.A.},
  title     = {Semigroups of Operators and Applications},
  publisher = {Oxford University Press},
  year      = {1985}
}

@techreport{goldstein:1985b,
  author      = {Goldstein, J.A.},
  title       = {A (more-or-less) complete bibliography of semigroups of operators through 1984},
  institution = {Tulane University},
  type        = {Preprints and Lecture Notes in Mathematics},
  year        = {1985}
}

@incollection{goldstein:1986,
  author    = {Goldstein, J.A.},
  title     = {Asymptotics for bounded semigroups in {H}ilbert spaces},
  booktitle = {Aspects of Positivity in Functional Analysis},
  editor    = {Nagel, R. and Schlotterbeck, U. and Wolff, M.P.H.},
  publisher = {North Holland},
  address   = {Amsterdam},
  year      = {1986}
}

@article{greiner:1981,
  author  = {Greiner, G.},
  title   = {Zur {P}erron-{F}robenius {T}heorie stark stetiger {H}albgruppen},
  journal = {Mathematische Zeitschrift},
  volume  = {177},
  year    = {1981},
  pages   = {401-423}
}

@article{greiner:1982,
  author  = {Greiner, G.},
  title   = {Spektrum und {A}symptotik stark stetiger {H}albgruppen positiver {O}peratoren},
  journal = {Sitzungsberichte der Heidelberger Akademie der Wissenschaften, Mathematisch-Naturwissenschaftliche Klasse},
  year    = {1982},
  pages   = {55-80}
}

@incollection{greiner:1984a,
  author    = {Greiner, G.},
  title     = {A typical {P}erron-{F}robenius theorem with applications to an age-dependent population equation},
  booktitle = {Infinite-dimensional Systems, Retzhof 1983},
  editor    = {Kappel, F. and Schappacher, W.},
  series    = {Lecture Notes in Mathematics},
  volume    = {1076},
  pages     = {86-100},
  publisher = {Springer},
  address   = {Berlin-Heidelberg-New York},
  year      = {1984}
}

@article{greiner:1984b,
  author  = {Greiner, G.},
  title   = {Spectral properties and asymptotic behavior of the linear transport equation},
  journal = {Mathematische Zeitschrift},
  volume  = {185},
  year    = {1984},
  pages   = {167-177}
}

@article{greiner:1984c,
  author  = {Greiner, G.},
  title   = {A spectral decomposition of strongly continuous groups of positive operators},
  journal = {Quarterly Journal of Mathematics Oxford},
  volume  = {35},
  number  = {2},
  year    = {1984},
  pages   = {37-47}
}

@techreport{greiner:1984d,
  author      = {Greiner, G.},
  title       = {An irreducibility criterion for the linear transport equation},
  institution = {Universität Tübingen},
  type        = {Semesterbericht Funktionalanalysis},
  year        = {1984},
  pages       = {1-8},
  note        = {Sommersemester 1984}
}

@techreport{greiner:1985,
  author = {Greiner, G.},
  title  = {Some applications of {F}ejer's theorem to one-parameter semigroups},
  type   = {Preprint},
  year   = {1985}
}

@article{greiner:1986,
  author  = {Greiner, G.},
  title   = {Perturbing the boundary conditions of a generator},
  journal = {Houston Journal of Mathematics},
  note    = {To appear},
  year    = {1986}
}

@article{greinernagel:1982,
  author  = {Greiner, G. and Nagel, R.},
  title   = {La loi ``zero ou deux'' et ses conséquences pour le comportement asymptotique des opérateurs positifs},
  journal = {Journal de Mathématiques Pures et Appliquées},
  volume  = {9},
  year    = {1982},
  pages   = {261-273}
}

@article{greinernagel:1983,
  author  = {Greiner, G. and Nagel, R.},
  title   = {On the stability of strongly continuous semigroups of positive operators on {$L^2(\mu)$}},
  journal = {Annali della Scuola Normale Superiore di Pisa},
  volume  = {10},
  year    = {1983},
  pages   = {257-262}
}

@article{greineretal:1981,
  author  = {Greiner, G. and Voigt, J. and Wolff, M.P.H.},
  title   = {On the spectral bound of the generator of semigroups of positive operators},
  journal = {Journal of Operator Theory},
  volume  = {5},
  year    = {1981},
  pages   = {245-256}
}

@article{Groh:1981,
  author  = {Groh, T.},
  title   = {The peripheral point spectrum of {S}chwarz operators on {$C^*$}-algebras},
  journal = {Mathematische Zeitschrift},
  volume  = {176},
  year    = {1981},
  pages   = {311-318}
}

@article{groh:1982a,
  author  = {Groh, T.},
  title   = {Some observations on the spectra of positive operators on finite dimensional {$C^*$}-algebras},
  journal = {Linear Algebra and its Applications},
  volume  = {42},
  year    = {1982},
  pages   = {213-222}
}

@techreport{groh:1982b,
  author      = {groh:19, T.},
  title       = {Asymptotic behavior of dynamical systems on {W*}-algebras},
  institution = {Universität Tübingen},
  type        = {Semesterbericht Funktionalanalysis},
  year        = {1982},
  pages       = {15-25},
  note        = {Sommersemester 1982}
}

@article{groh:1984a,
  author  = {Groh, T.},
  title   = {Uniformly ergodic maps on {$C^*$}-algebras},
  journal = {Israel Journal of Mathematics},
  volume  = {47},
  year    = {1984},
  pages   = {227-235}
}

@article{groh:1984b,
  author  = {Groh, T.},
  title   = {Uniform ergodic theorems for identity preserving {S}chwarz maps on {W*}-algebras},
  journal = {Journal of Operator Theory},
  volume  = {11},
  year    = {1984},
  pages   = {395-404}
}

@article{groh:1984c,
  author  = {Groh, T.},
  title   = {Spectrum and asymptotic behaviour of completely positive maps on {$B(H)$}},
  journal = {Mathematica Japonica},
  volume  = {29},
  year    = {1984},
  pages   = {395-402}
}

@article{grothendieck:1953,
  author  = {Grothendieck, A.},
  title   = {Sur les applications linéaires faiblement compactes d'espaces du type {$C(K)$}},
  journal = {Canadian Journal of Mathematics},
  volume  = {5},
  year    = {1953},
  pages   = {129-173}
}

@article{gustafsenlumer:1972,
  author  = {Gustafson, K. and Lumer, G.},
  title   = {Multiplicative perturbation of semigroup generators},
  journal = {Pacific Journal of Mathematics},
  volume  = {41},
  year    = {1972},
  pages   = {731-742}
}

@techreport{gyllenbergheijmans:1985,
  author = {Gyllenberg, M. and Heijmans, H.J.A.M.},
  title  = {An abstract delay equation modelling size dependent cell growth and division},
  type   = {Preprint},
  year   = {1985}
}