@Article{	  nagel:1973,
  author	= {Nagel, R.},
  journal	= {Ann. Inst. Fourier (Grenoble)},
  pages		= {75--87},
  title		= {Mittelergodische {Halbgruppen} linearer {Operatoren}},
  volume	= {23},
  year		= {1973}
}

@TechReport{	  nagel:1983,
  author	= {Nagel, R.},
  institution	= {Universit{\"a}t T{\"u}bingen},
  note		= {Sommersemester 1984},
  pages		= {1--19},
  title		= {Sobolev Spaces and Semigroups},
  type		= {Semesterbericht Funktionalanalysis},
  year		= {1983}
}

@InCollection{	  nagel:1984,
  address	= {Amsterdam},
  author	= {Nagel, R.},
  booktitle	= {Functional Analysis, Surveys and Recent Results III},
  editor	= {Bierstedt, K. D. and Fuchssteiner, B.},
  publisher	= {North Holland},
  title		= {What can positivity do for stability?},
  year		= {1984}
}

@Article{	  nagel:1985,
  author	= {Nagel, R.},
  journal	= {Conferenze Sem. Mat. Univ. Bari},
  pages		= {1--29},
  title		= {Well-posedness and positivity for systems of linear
		  evolution equations},
  volume	= {203},
  year		= {1985}
}

@Book{		  nageletal:1982,
  address	= {T{\"u}bingen},
  author	= {Nagel, R. and Derndinger, R. and Palm, G.},
  title		= {Ergodic Theory in the Functional Analytic Perspective},
  year		= {1982}
}

@Article{	  nageluhlig:1981,
  author	= {Nagel, R. and Uhlig, H.},
  journal	= {J. Operator Theory},
  pages		= {113--123},
  title		= {An abstract {Kato} inequality for generators of positive
		  semigroups on {Banach} lattices},
  volume	= {6},
  year		= {1981}
}

@Book{		  nakano:1950,
  address	= {Tokyo},
  author	= {Nakano, H.},
  publisher	= {Maruzen Co.},
  series	= {Tokyo Mathematical Book Series},
  title		= {Modern Spectral Theory},
  volume	= {II},
  year		= {1950}
}

@Article{	  neubrander:1984a,
  author	= {Neubrander, F.},
  journal	= {Semigroup Forum},
  pages		= {75--85},
  title		= {Well-posedness of abstract {Cauchy} problems},
  volume	= {29},
  year		= {1984}
}

@PhDThesis{	  neubrander:1984b,
  author	= {Neubrander, F.},
  school	= {Universit{\"a}t T{\"u}bingen},
  title		= {Well-posedness of higher order abstract {Cauchy}
		  problems},
  year		= {1984}
}

@Article{	  neubrander:1985a,
  author	= {Neubrander, F.},
  journal	= {Houston J. Math.},
  pages		= {549--561},
  title		= {Laplace transform and asymptotic behavior of strongly
		  continuous semigroups},
  volume	= {12},
  year		= {1985}
}

@InCollection{	  neubrander:1985b,
  author	= {Neubrander, F.},
  booktitle	= {Proceedings of the Conference on Physical Mathematics and
		  Nonlinear Partial Differential Equations, Morgantown 1983},
  pages		= {157--173},
  publisher	= {Marcel Dekker},
  title		= {Asymptotic behavior of solutions of inhomogeneous abstract
		  {Cauchy} problems},
  year		= {1985}
}

@Article{	  neubrander:1986,
  author	= {Neubrander, F.},
  journal	= {Trans. Amer. Math. Soc.},
  pages		= {257--290},
  title		= {Well-posedness of higher order abstract {Cauchy}
		  problems},
  volume	= {295},
  year		= {1986}
}

@Article{	  nussbaum:1984,
  author	= {Nussbaum, R. D.},
  journal	= {Math. Z.},
  pages		= {247--264},
  title		= {Positive operators and elliptic eigenvalue problems},
  volume	= {186},
  year		= {1984}
}

@Article{	  okazawa:1984,
  author	= {Okazawa, N.},
  journal	= {J. Math. Soc. Japan},
  pages		= {675--688},
  title		= {An {$L^p$}-theory for {Schr{\"o}dinger} operators with
		  nonnegative potentials},
  volume	= {36},
  year		= {1984}
}

@Article{	  olesen:1980,
  author	= {Olesen, D. and Pedersen, G. K. and Takesaki, M.},
  date-modified	= {2025-02-17 15:43:39 +0100},
  journal	= {J. Operator Theory},
  pages		= {237--269},
  title		= {Ergodic actions of compact {Abelian} groups},
  volume	= {3},
  year		= {1980}
}

@Article{	  oseledets:1984,
  author	= {Oseledets, V. I.},
  journal	= {J. Soviet Math.},
  pages		= {1529--1557},
  title		= {Completely positive linear maps, non {Hamiltonian}
		  evolution and quantum stochastic processes},
  volume	= {25},
  year		= {1984}
}

@Article{	  pazy:1968,
  author	= {Pazy, A.},
  journal	= {J. Math. Mech.},
  pages		= {1131--1142},
  title		= {On the differentiability and compactness of linear
		  operators},
  volume	= {17},
  year		= {1968}
}

@Book{		  pazy:1982,
  address	= {Berlin-Heidelberg-New York-Tokyo},
  author	= {Pazy, A.},
  publisher	= {Springer},
  title		= {Semigroups of Linear Operators and Applications to Partial
		  Differential Equations},
  year		= {1983}
}

@Book{		  pazy:1983,
  address	= {Berlin-Heidelberg-New York-Tokyo},
  author	= {Pazy, A.},
  publisher	= {Springer},
  title		= {Semigroups of Linear Operators and Applications to Partial
		  Differential Equations},
  year		= {1983}
}

@Book{		  pedersen:1979,
  address	= {London, New York, San Francisco},
  author	= {Pedersen, G. K.},
  publisher	= {Academic Press},
  title		= {{C*}-Algebras and their Automorphism Groups},
  year		= {1979}
}

@Article{	  peetre:1959,
  author	= {Peetre, J.},
  journal	= {Math. Scand.},
  note		= {Rectification {\`a} l'article pr{\'e}c{\'e}dent. Math.
		  Scand. 8 (1960), 116--120},
  pages		= {211--218},
  title		= {Une charact{\'e}risation abstraite des op{\'e}rateurs
		  diff{\'e}rentiels},
  volume	= {7},
  year		= {1959}
}

@Article{	  perron:1907,
  author	= {Perron, O.},
  journal	= {Math. Ann.},
  pages		= {248--263},
  title		= {Zur {Theorie} der {Matrices}},
  volume	= {64},
  year		= {1907}
}

@Article{	  pfitzner:1994,
  author	= {Hermann Pfitzner},
  journal	= {Math. Ann.},
  pages		= {349-371},
  title		= {Weak compactness in the dual of a {C}$^{*} $-algebra is
		  determined commutatively},
  volume	= {298},
  year		= {1994}
}

@Article{	  phillips:1954,
  author	= {Phillips, R. S.},
  journal	= {Proc. Nat. Acad. Sci. U.S.A.},
  pages		= {244--248},
  title		= {A note on the abstract {Cauchy} problem},
  volume	= {40},
  year		= {1954}
}

@Article{	  phillips:1962,
  author	= {Phillips, R. S.},
  journal	= {Czechoslovak Math. J.},
  pages		= {294--313},
  title		= {Semigroups of positive contraction operators},
  volume	= {12},
  year		= {1962}
}

@Article{	  phillips:1974,
  author	= {Phillips, R. S.},
  journal	= {Trans. Amer. Math. Soc.},
  pages		= {343--369},
  title		= {Perturbation theory for semi-groups of linear operators},
  volume	= {74},
  year		= {1974}
}

@Article{	  picard:1972,
  author	= {Picard, C.},
  journal	= {C. R. Acad. Sci. Paris S{\'e}r. I Math.},
  pages		= {639--641},
  title		= {Op{\'e}rateurs {$\phi$}-accretifs et g{\'e}n{\'e}ration
		  des semi-groupes non lin{\'e}aires},
  volume	= {275},
  year		= {1972}
}

@Book{		  pietsch:1978,
  address	= {Berlin},
  author	= {Pietsch, A.},
  publisher	= {VEB Deutscher Verlag der Wissenschaften},
  title		= {Operator Ideals},
  year		= {1978}
}

@Article{	  plant:1977,
  author	= {Plant, A. T.},
  journal	= {J. Math. Anal. Appl.},
  pages		= {67--74},
  title		= {Nonlinear semigroups of linear operators and applications
		  in {Banach} spaces},
  volume	= {60},
  year		= {1977}
}

@Book{		  protterweinberger:1967,
  address	= {New York-Berlin-Heidelberg},
  author	= {Protter, M. H. and Weinberger, H. F.},
  publisher	= {Springer},
  title		= {Maximum Principles in Differential Equations},
  year		= {1967}
}

@Article{	  pruess:1981,
  author	= {Pr{\"u}ss, J.},
  journal	= {J. Math. Biol.},
  pages		= {65--84},
  title		= {Equilibrium solutions of age-specific population dynamics
		  of several species},
  volume	= {11},
  year		= {1981}
}

@Article{	  pruess:1984,
  author	= {Pr{\"u}ss, J.},
  journal	= {Trans. Amer. Math. Soc.},
  pages		= {847--857},
  title		= {On the spectrum of {$C_0$}-semigroups},
  volume	= {284},
  year		= {1984}
}

